<TICKER>,<PER>,<DATE>,<TIME>,<LAST>,<VOL>
AAPL,0,20160125,093000,101.530000000,100
AAPL,0,20160125,093000,101.530000000,400
AAPL,0,20160125,093000,101.530000000,100
AAPL,0,20160125,093000,101.530000000,100
AAPL,0,20160125,093000,101.520000000,100
AAPL,0,20160125,093000,101.520000000,100
AAPL,0,20160125,093000,101.360000000,100
AAPL,0,20160125,093000,101.450000000,100
AAPL,0,20160125,093000,101.440000000,100
AAPL,0,20160125,093000,101.440000000,100
AAPL,0,20160125,093000,101.390000000,100
AAPL,0,20160125,093001,101.370000000,100
AAPL,0,20160125,093001,101.390000000,100
AAPL,0,20160125,093001,101.390000000,100
AAPL,0,20160125,093001,101.390000000,100
AAPL,0,20160125,093001,101.400000000,100
AAPL,0,20160125,093001,101.420000000,100
AAPL,0,20160125,093001,101.400000000,100
AAPL,0,20160125,093001,101.400000000,100
AAPL,0,20160125,093001,101.400000000,100
AAPL,0,20160125,093001,101.400000000,100
AAPL,0,20160125,093001,101.430000000,100
AAPL,0,20160125,093001,101.420000000,100
AAPL,0,20160125,093001,101.420000000,100
AAPL,0,20160125,093002,101.380000000,219
AAPL,0,20160125,093002,101.380000000,100
AAPL,0,20160125,093002,101.400000000,100
AAPL,0,20160125,093002,101.420000000,100
AAPL,0,20160125,093002,101.420000000,100
AAPL,0,20160125,093002,101.430000000,100
AAPL,0,20160125,093002,101.430000000,100
AAPL,0,20160125,093002,101.430000000,100
AAPL,0,20160125,093002,101.440000000,100
AAPL,0,20160125,093002,101.440000000,100
AAPL,0,20160125,093002,101.440000000,100
AAPL,0,20160125,093002,101.440000000,100
AAPL,0,20160125,093002,101.450000000,100
AAPL,0,20160125,093002,101.450000000,100
AAPL,0,20160125,093002,101.450000000,100
AAPL,0,20160125,093002,101.460000000,100
AAPL,0,20160125,093002,101.460000000,100
AAPL,0,20160125,093002,101.470000000,100
AAPL,0,20160125,093002,101.420000000,100
AAPL,0,20160125,093002,101.420000000,100
AAPL,0,20160125,093002,101.420000000,100
AAPL,0,20160125,093002,101.420000000,100
AAPL,0,20160125,093002,101.470000000,100
AAPL,0,20160125,093002,101.480000000,100
AAPL,0,20160125,093002,101.480000000,100
AAPL,0,20160125,093002,101.440000000,100
AAPL,0,20160125,093003,101.410000000,100
AAPL,0,20160125,093003,101.400000000,100
AAPL,0,20160125,093003,101.400000000,100
AAPL,0,20160125,093003,101.380000000,100
AAPL,0,20160125,093003,101.390000000,100
AAPL,0,20160125,093003,101.400000000,200
AAPL,0,20160125,093004,101.390000000,347
AAPL,0,20160125,093004,101.370000000,100
AAPL,0,20160125,093004,101.370000000,100
AAPL,0,20160125,093004,101.370000000,200
AAPL,0,20160125,093005,101.350000000,100
AAPL,0,20160125,093006,101.350000000,100
AAPL,0,20160125,093006,101.340000000,100
AAPL,0,20160125,093007,101.320000000,100
AAPL,0,20160125,093007,101.330000000,100
AAPL,0,20160125,093007,101.310000000,100
AAPL,0,20160125,093007,101.300000000,100
AAPL,0,20160125,093007,101.290000000,175
AAPL,0,20160125,093007,101.290000000,625
AAPL,0,20160125,093009,101.250000000,100
AAPL,0,20160125,093009,101.250000000,100
AAPL,0,20160125,093009,101.240000000,100
AAPL,0,20160125,093010,101.240000000,100
AAPL,0,20160125,093010,101.240000000,100
AAPL,0,20160125,093012,101.210000000,100
AAPL,0,20160125,093013,101.210000000,100
AAPL,0,20160125,093013,101.220000000,200
AAPL,0,20160125,093021,101.030000000,100
AAPL,0,20160125,093021,101.030000000,100
AAPL,0,20160125,093023,101.020000000,100
AAPL,0,20160125,093023,101.000000000,100
AAPL,0,20160125,093023,100.960000000,100
AAPL,0,20160125,093024,100.960000000,100
AAPL,0,20160125,093024,100.960000000,100
AAPL,0,20160125,093025,101.000000000,100
AAPL,0,20160125,093025,101.000000000,100
AAPL,0,20160125,093026,101.090000000,100
AAPL,0,20160125,093026,101.100000000,100
AAPL,0,20160125,093026,101.110000000,100
AAPL,0,20160125,093026,101.170000000,100
AAPL,0,20160125,093026,101.180000000,100
AAPL,0,20160125,093026,101.150000000,100
AAPL,0,20160125,093026,101.150000000,100
AAPL,0,20160125,093026,101.140000000,100
AAPL,0,20160125,093026,101.190000000,100
AAPL,0,20160125,093026,101.180000000,100
AAPL,0,20160125,093028,101.130000000,100
AAPL,0,20160125,093028,101.130000000,100
AAPL,0,20160125,093029,101.150000000,100
AAPL,0,20160125,093032,101.200000000,100
AAPL,0,20160125,093032,101.190000000,100
AAPL,0,20160125,093036,101.140000000,100
AAPL,0,20160125,093036,101.140000000,100
AAPL,0,20160125,093036,101.150000000,100
AAPL,0,20160125,093036,101.150000000,100
AAPL,0,20160125,093036,101.160000000,100
AAPL,0,20160125,093036,101.160000000,100
AAPL,0,20160125,093036,101.160000000,100
AAPL,0,20160125,093036,101.130000000,100
AAPL,0,20160125,093036,101.090000000,100
AAPL,0,20160125,093036,101.090000000,100
AAPL,0,20160125,093036,101.090000000,100
AAPL,0,20160125,093037,101.060000000,100
AAPL,0,20160125,093037,101.050000000,100
AAPL,0,20160125,093037,101.050000000,100
AAPL,0,20160125,093038,101.040000000,100
AAPL,0,20160125,093038,101.040000000,100
AAPL,0,20160125,093040,101.020000000,119
AAPL,0,20160125,093040,101.010000000,200
AAPL,0,20160125,093041,101.000000000,100
AAPL,0,20160125,093048,101.050000000,100
AAPL,0,20160125,093048,101.060000000,100
AAPL,0,20160125,093048,101.070000000,100
AAPL,0,20160125,093049,101.070000000,100
AAPL,0,20160125,093050,101.040000000,100
AAPL,0,20160125,093051,101.040000000,100
AAPL,0,20160125,093051,101.050000000,100
AAPL,0,20160125,093051,101.050000000,100
AAPL,0,20160125,093051,101.040000000,100
AAPL,0,20160125,093051,101.060000000,100
AAPL,0,20160125,093051,101.090000000,100
AAPL,0,20160125,093052,101.080000000,100
AAPL,0,20160125,093052,101.080000000,100
AAPL,0,20160125,093054,101.120000000,310
AAPL,0,20160125,093054,101.120000000,100
AAPL,0,20160125,093057,101.120000000,100
AAPL,0,20160125,093057,101.120000000,100
AAPL,0,20160125,093058,101.120000000,100
AAPL,0,20160125,093058,101.120000000,100
AAPL,0,20160125,093058,101.120000000,100
AAPL,0,20160125,093058,101.120000000,100
AAPL,0,20160125,093058,101.120000000,100
AAPL,0,20160125,093058,101.120000000,100
AAPL,0,20160125,093058,101.120000000,100
AAPL,0,20160125,093058,101.120000000,100
AAPL,0,20160125,093059,101.100000000,100
AAPL,0,20160125,093101,101.030000000,100
AAPL,0,20160125,093101,101.030000000,100
AAPL,0,20160125,093105,101.000000000,100
AAPL,0,20160125,093105,101.000000000,100
AAPL,0,20160125,093105,101.000000000,100
AAPL,0,20160125,093105,101.000000000,100
AAPL,0,20160125,093105,101.000000000,100
AAPL,0,20160125,093105,101.000000000,100
AAPL,0,20160125,093105,101.000000000,100
AAPL,0,20160125,093105,101.000000000,100
AAPL,0,20160125,093105,101.000000000,100
AAPL,0,20160125,093105,101.000000000,200
AAPL,0,20160125,093105,101.000000000,100
AAPL,0,20160125,093105,101.000000000,100
AAPL,0,20160125,093105,100.980000000,100
AAPL,0,20160125,093105,100.980000000,100
AAPL,0,20160125,093105,100.970000000,100
AAPL,0,20160125,093105,100.970000000,100
AAPL,0,20160125,093105,100.970000000,100
AAPL,0,20160125,093105,100.970000000,100
AAPL,0,20160125,093105,100.990000000,100
AAPL,0,20160125,093105,101.000000000,100
AAPL,0,20160125,093105,101.000000000,100
AAPL,0,20160125,093105,100.960000000,100
AAPL,0,20160125,093105,100.960000000,100
AAPL,0,20160125,093105,100.950000000,100
AAPL,0,20160125,093106,100.990000000,100
AAPL,0,20160125,093106,100.990000000,100
AAPL,0,20160125,093106,100.990000000,100
AAPL,0,20160125,093106,100.970000000,100
AAPL,0,20160125,093107,100.970000000,100
AAPL,0,20160125,093107,100.980000000,100
AAPL,0,20160125,093107,100.990000000,100
AAPL,0,20160125,093107,101.010000000,300
AAPL,0,20160125,093107,101.010000000,100
AAPL,0,20160125,093107,101.010000000,100
AAPL,0,20160125,093110,101.000000000,100
AAPL,0,20160125,093110,101.000000000,100
AAPL,0,20160125,093110,101.000000000,100
AAPL,0,20160125,093110,101.000000000,100
AAPL,0,20160125,093110,101.000000000,100
AAPL,0,20160125,093111,101.000000000,100
AAPL,0,20160125,093111,101.000000000,100
AAPL,0,20160125,093119,100.960000000,100
AAPL,0,20160125,093119,100.960000000,100
AAPL,0,20160125,093120,100.910000000,100
AAPL,0,20160125,093120,100.900000000,100
AAPL,0,20160125,093120,100.900000000,100
AAPL,0,20160125,093121,100.900000000,100
AAPL,0,20160125,093121,100.910000000,100
AAPL,0,20160125,093121,100.910000000,100
AAPL,0,20160125,093121,100.920000000,100
AAPL,0,20160125,093121,100.920000000,100
AAPL,0,20160125,093121,100.920000000,100
AAPL,0,20160125,093122,100.950000000,100
AAPL,0,20160125,093127,100.920000000,100
AAPL,0,20160125,093132,100.900000000,100
AAPL,0,20160125,093133,100.870000000,100
AAPL,0,20160125,093133,100.880000000,100
AAPL,0,20160125,093133,100.880000000,100
AAPL,0,20160125,093133,100.880000000,100
AAPL,0,20160125,093133,100.880000000,476
AAPL,0,20160125,093133,100.870000000,100
AAPL,0,20160125,093134,100.860000000,100
AAPL,0,20160125,093137,100.840000000,100
AAPL,0,20160125,093137,100.840000000,100
AAPL,0,20160125,093137,100.840000000,100
AAPL,0,20160125,093137,100.840000000,100
AAPL,0,20160125,093137,100.840000000,100
AAPL,0,20160125,093137,100.840000000,100
AAPL,0,20160125,093138,100.830000000,100
AAPL,0,20160125,093144,100.770000000,100
AAPL,0,20160125,093144,100.780000000,100
AAPL,0,20160125,093144,100.780000000,100
AAPL,0,20160125,093144,100.780000000,100
AAPL,0,20160125,093145,100.780000000,100
AAPL,0,20160125,093145,100.780000000,100
AAPL,0,20160125,093146,100.760000000,100
AAPL,0,20160125,093146,100.760000000,100
AAPL,0,20160125,093149,100.750000000,200
AAPL,0,20160125,093149,100.750000000,100
AAPL,0,20160125,093149,100.750000000,100
AAPL,0,20160125,093149,100.750000000,200
AAPL,0,20160125,093150,100.760000000,100
AAPL,0,20160125,093150,100.760000000,100
AAPL,0,20160125,093150,100.760000000,100
AAPL,0,20160125,093150,100.760000000,100
AAPL,0,20160125,093150,100.760000000,100
AAPL,0,20160125,093150,100.770000000,100
AAPL,0,20160125,093150,100.770000000,100
AAPL,0,20160125,093150,100.760000000,100
AAPL,0,20160125,093150,100.760000000,100
AAPL,0,20160125,093150,100.750000000,100
AAPL,0,20160125,093150,100.750000000,100
AAPL,0,20160125,093153,100.710000000,100
AAPL,0,20160125,093153,100.710000000,100
AAPL,0,20160125,093153,100.720000000,100
AAPL,0,20160125,093153,100.720000000,100
AAPL,0,20160125,093153,100.720000000,100
AAPL,0,20160125,093153,100.720000000,100
AAPL,0,20160125,093153,100.720000000,100
AAPL,0,20160125,093153,100.720000000,100
AAPL,0,20160125,093153,100.720000000,100
AAPL,0,20160125,093153,100.720000000,100
AAPL,0,20160125,093153,100.720000000,100
AAPL,0,20160125,093153,100.720000000,100
AAPL,0,20160125,093154,100.730000000,100
AAPL,0,20160125,093154,100.730000000,100
AAPL,0,20160125,093154,100.740000000,100
AAPL,0,20160125,093155,100.750000000,100
AAPL,0,20160125,093155,100.760000000,100
AAPL,0,20160125,093155,100.750000000,100
AAPL,0,20160125,093155,100.760000000,100
AAPL,0,20160125,093155,100.760000000,100
AAPL,0,20160125,093155,100.760000000,100
AAPL,0,20160125,093156,100.750000000,100
AAPL,0,20160125,093156,100.770000000,100
AAPL,0,20160125,093157,100.770000000,100
AAPL,0,20160125,093158,100.770000000,100
AAPL,0,20160125,093158,100.770000000,100
AAPL,0,20160125,093159,100.770000000,100
AAPL,0,20160125,093159,100.770000000,100
AAPL,0,20160125,093159,100.770000000,100
AAPL,0,20160125,093159,100.770000000,100
AAPL,0,20160125,093159,100.770000000,100
AAPL,0,20160125,093159,100.770000000,100
AAPL,0,20160125,093159,100.780000000,100
AAPL,0,20160125,093200,100.790000000,100
AAPL,0,20160125,093201,100.810000000,100
AAPL,0,20160125,093201,100.800000000,100
AAPL,0,20160125,093201,100.790000000,100
AAPL,0,20160125,093202,100.790000000,100
AAPL,0,20160125,093202,100.780000000,128
AAPL,0,20160125,093205,100.770000000,100
AAPL,0,20160125,093205,100.770000000,100
AAPL,0,20160125,093205,100.770000000,100
AAPL,0,20160125,093205,100.770000000,100
AAPL,0,20160125,093205,100.770000000,100
AAPL,0,20160125,093205,100.770000000,100
AAPL,0,20160125,093205,100.790000000,200
AAPL,0,20160125,093205,100.800000000,100
AAPL,0,20160125,093205,100.800000000,100
AAPL,0,20160125,093205,100.800000000,100
AAPL,0,20160125,093205,100.810000000,100
AAPL,0,20160125,093205,100.810000000,100
AAPL,0,20160125,093207,100.810000000,100
AAPL,0,20160125,093208,100.790000000,100
AAPL,0,20160125,093209,100.810000000,100
AAPL,0,20160125,093209,100.810000000,100
AAPL,0,20160125,093209,100.820000000,100
AAPL,0,20160125,093209,100.820000000,100
AAPL,0,20160125,093209,100.820000000,100
AAPL,0,20160125,093209,100.830000000,100
AAPL,0,20160125,093209,100.860000000,200
AAPL,0,20160125,093210,100.850000000,200
AAPL,0,20160125,093210,100.840000000,100
AAPL,0,20160125,093211,100.840000000,100
AAPL,0,20160125,093213,100.830000000,100
AAPL,0,20160125,093214,100.810000000,200
AAPL,0,20160125,093214,100.820000000,100
AAPL,0,20160125,093215,100.810000000,100
AAPL,0,20160125,093220,100.840000000,100
AAPL,0,20160125,093220,100.840000000,100
AAPL,0,20160125,093220,100.840000000,100
AAPL,0,20160125,093220,100.840000000,100
AAPL,0,20160125,093221,100.840000000,200
AAPL,0,20160125,093221,100.840000000,100
AAPL,0,20160125,093221,100.840000000,100
AAPL,0,20160125,093222,100.830000000,100
AAPL,0,20160125,093223,100.900000000,300
AAPL,0,20160125,093223,100.900000000,200
AAPL,0,20160125,093223,100.900000000,350
AAPL,0,20160125,093223,100.900000000,100
AAPL,0,20160125,093223,100.900000000,100
AAPL,0,20160125,093223,100.910000000,100
AAPL,0,20160125,093224,100.890000000,100
AAPL,0,20160125,093225,100.910000000,100
AAPL,0,20160125,093226,100.960000000,100
AAPL,0,20160125,093226,100.960000000,100
AAPL,0,20160125,093226,100.970000000,100
AAPL,0,20160125,093226,100.970000000,100
AAPL,0,20160125,093226,100.940000000,100
AAPL,0,20160125,093227,100.950000000,100
AAPL,0,20160125,093227,100.940000000,100
AAPL,0,20160125,093227,100.940000000,100
AAPL,0,20160125,093227,100.920000000,100
AAPL,0,20160125,093229,100.980000000,100
AAPL,0,20160125,093229,100.980000000,2000
AAPL,0,20160125,093229,100.980000000,1000
AAPL,0,20160125,093229,101.000000000,100
AAPL,0,20160125,093229,101.000000000,100
AAPL,0,20160125,093229,101.000000000,100
AAPL,0,20160125,093229,101.000000000,100
AAPL,0,20160125,093229,100.990000000,100
AAPL,0,20160125,093229,100.970000000,100
AAPL,0,20160125,093229,101.000000000,100
AAPL,0,20160125,093230,101.000000000,100
AAPL,0,20160125,093230,101.000000000,100
AAPL,0,20160125,093230,101.010000000,100
AAPL,0,20160125,093230,101.010000000,100
AAPL,0,20160125,093230,101.010000000,100
AAPL,0,20160125,093231,101.000000000,100
AAPL,0,20160125,093231,101.000000000,100
AAPL,0,20160125,093231,100.990000000,200
AAPL,0,20160125,093231,100.970000000,200
AAPL,0,20160125,093232,100.980000000,100
AAPL,0,20160125,093232,100.980000000,100
AAPL,0,20160125,093232,100.960000000,100
AAPL,0,20160125,093233,100.950000000,900
AAPL,0,20160125,093233,100.950000000,100
AAPL,0,20160125,093233,100.940000000,149
AAPL,0,20160125,093233,100.940000000,149
AAPL,0,20160125,093233,100.940000000,149
AAPL,0,20160125,093233,100.940000000,100
AAPL,0,20160125,093233,100.940000000,100
AAPL,0,20160125,093233,100.950000000,151
AAPL,0,20160125,093234,100.960000000,100
AAPL,0,20160125,093234,100.970000000,100
AAPL,0,20160125,093234,100.970000000,100
AAPL,0,20160125,093234,100.970000000,100
AAPL,0,20160125,093235,100.940000000,100
AAPL,0,20160125,093237,100.950000000,100
AAPL,0,20160125,093237,100.950000000,100
AAPL,0,20160125,093238,100.930000000,1000
AAPL,0,20160125,093238,100.930000000,100
AAPL,0,20160125,093238,100.900000000,100
AAPL,0,20160125,093238,100.890000000,100
AAPL,0,20160125,093240,100.890000000,100
AAPL,0,20160125,093240,100.890000000,100
AAPL,0,20160125,093240,100.910000000,100
AAPL,0,20160125,093242,100.890000000,100
AAPL,0,20160125,093243,100.880000000,100
AAPL,0,20160125,093243,100.860000000,100
AAPL,0,20160125,093243,100.860000000,200
AAPL,0,20160125,093244,100.870000000,100
AAPL,0,20160125,093244,100.870000000,100
AAPL,0,20160125,093245,100.880000000,100
AAPL,0,20160125,093245,100.900000000,100
AAPL,0,20160125,093245,100.900000000,200
AAPL,0,20160125,093245,100.900000000,200
AAPL,0,20160125,093245,100.910000000,100
AAPL,0,20160125,093247,100.910000000,100
AAPL,0,20160125,093248,100.910000000,100
AAPL,0,20160125,093248,100.910000000,100
AAPL,0,20160125,093248,100.910000000,100
AAPL,0,20160125,093248,100.910000000,100
AAPL,0,20160125,093248,100.910000000,100
AAPL,0,20160125,093248,100.880000000,100
AAPL,0,20160125,093248,100.880000000,100
AAPL,0,20160125,093248,100.880000000,100
AAPL,0,20160125,093249,100.860000000,100
AAPL,0,20160125,093249,100.860000000,100
AAPL,0,20160125,093250,100.860000000,100
AAPL,0,20160125,093250,100.860000000,100
AAPL,0,20160125,093250,100.900000000,100
AAPL,0,20160125,093251,100.880000000,100
AAPL,0,20160125,093251,100.890000000,200
AAPL,0,20160125,093251,100.870000000,100
AAPL,0,20160125,093251,100.870000000,100
AAPL,0,20160125,093251,100.870000000,100
AAPL,0,20160125,093253,100.900000000,100
AAPL,0,20160125,093253,100.900000000,100
AAPL,0,20160125,093254,100.910000000,100
AAPL,0,20160125,093254,100.900000000,100
AAPL,0,20160125,093254,100.900000000,100
AAPL,0,20160125,093256,100.920000000,100
AAPL,0,20160125,093256,100.920000000,100
AAPL,0,20160125,093256,100.930000000,100
AAPL,0,20160125,093257,100.930000000,100
AAPL,0,20160125,093257,100.920000000,100
AAPL,0,20160125,093257,100.920000000,100
AAPL,0,20160125,093257,100.920000000,100
AAPL,0,20160125,093257,100.920000000,400
AAPL,0,20160125,093259,100.910000000,100
AAPL,0,20160125,093259,100.910000000,100
AAPL,0,20160125,093259,100.910000000,100
AAPL,0,20160125,093259,100.910000000,100
AAPL,0,20160125,093259,100.910000000,100
AAPL,0,20160125,093259,100.910000000,200
AAPL,0,20160125,093259,100.910000000,100
AAPL,0,20160125,093259,100.900000000,100
AAPL,0,20160125,093301,100.910000000,100
AAPL,0,20160125,093301,100.900000000,100
AAPL,0,20160125,093302,100.910000000,400
AAPL,0,20160125,093303,100.900000000,100
AAPL,0,20160125,093303,100.910000000,100
AAPL,0,20160125,093303,100.910000000,100
AAPL,0,20160125,093303,100.910000000,100
AAPL,0,20160125,093303,100.900000000,100
AAPL,0,20160125,093303,100.890000000,300
AAPL,0,20160125,093303,100.890000000,100
AAPL,0,20160125,093304,100.890000000,100
AAPL,0,20160125,093304,100.890000000,140
AAPL,0,20160125,093304,100.900000000,100
AAPL,0,20160125,093305,100.900000000,100
AAPL,0,20160125,093305,100.910000000,100
AAPL,0,20160125,093305,100.900000000,200
AAPL,0,20160125,093305,100.900000000,100
AAPL,0,20160125,093305,100.890000000,100
AAPL,0,20160125,093306,100.890000000,100
AAPL,0,20160125,093306,100.880000000,100
AAPL,0,20160125,093308,100.900000000,200
AAPL,0,20160125,093309,100.880000000,100
AAPL,0,20160125,093309,100.880000000,200
AAPL,0,20160125,093311,100.870000000,100
AAPL,0,20160125,093315,100.850000000,100
AAPL,0,20160125,093316,100.860000000,100
AAPL,0,20160125,093317,100.890000000,100
AAPL,0,20160125,093318,100.890000000,100
AAPL,0,20160125,093318,100.880000000,400
AAPL,0,20160125,093318,100.870000000,100
AAPL,0,20160125,093318,100.870000000,100
AAPL,0,20160125,093320,100.860000000,100
AAPL,0,20160125,093322,100.860000000,100
AAPL,0,20160125,093322,100.890000000,100
AAPL,0,20160125,093323,100.900000000,100
AAPL,0,20160125,093323,100.900000000,100
AAPL,0,20160125,093323,100.900000000,100
AAPL,0,20160125,093326,100.900000000,100
AAPL,0,20160125,093328,100.900000000,100
AAPL,0,20160125,093328,100.900000000,100
AAPL,0,20160125,093328,100.900000000,100
AAPL,0,20160125,093328,100.900000000,100
AAPL,0,20160125,093330,100.910000000,100
AAPL,0,20160125,093331,100.910000000,100
AAPL,0,20160125,093333,100.920000000,100
AAPL,0,20160125,093333,100.910000000,100
AAPL,0,20160125,093334,100.910000000,100
AAPL,0,20160125,093334,100.910000000,100
AAPL,0,20160125,093335,100.930000000,100
AAPL,0,20160125,093336,100.920000000,200
AAPL,0,20160125,093337,100.940000000,100
AAPL,0,20160125,093337,100.940000000,100
AAPL,0,20160125,093337,100.940000000,100
AAPL,0,20160125,093337,100.940000000,100
AAPL,0,20160125,093337,100.940000000,100
AAPL,0,20160125,093337,100.940000000,100
AAPL,0,20160125,093337,100.950000000,100
AAPL,0,20160125,093337,100.950000000,100
AAPL,0,20160125,093337,100.950000000,100
AAPL,0,20160125,093337,100.950000000,100
AAPL,0,20160125,093337,100.950000000,2000
AAPL,0,20160125,093338,100.970000000,100
AAPL,0,20160125,093338,101.010000000,100
AAPL,0,20160125,093338,101.020000000,100
AAPL,0,20160125,093338,101.020000000,100
AAPL,0,20160125,093338,101.020000000,200
AAPL,0,20160125,093338,101.030000000,100
AAPL,0,20160125,093338,101.050000000,100
AAPL,0,20160125,093338,101.060000000,100
AAPL,0,20160125,093338,101.050000000,100
AAPL,0,20160125,093338,101.050000000,100
AAPL,0,20160125,093338,101.080000000,100
AAPL,0,20160125,093338,101.070000000,100
AAPL,0,20160125,093338,101.090000000,100
AAPL,0,20160125,093338,101.090000000,100
AAPL,0,20160125,093338,101.080000000,100
AAPL,0,20160125,093338,101.100000000,100
AAPL,0,20160125,093340,101.050000000,100
AAPL,0,20160125,093340,101.050000000,100
AAPL,0,20160125,093340,101.050000000,100
AAPL,0,20160125,093344,101.040000000,100
AAPL,0,20160125,093345,101.040000000,100
AAPL,0,20160125,093346,101.040000000,100
AAPL,0,20160125,093346,101.030000000,100
AAPL,0,20160125,093346,101.020000000,100
AAPL,0,20160125,093347,101.020000000,100
AAPL,0,20160125,093347,101.010000000,100
AAPL,0,20160125,093347,101.010000000,100
AAPL,0,20160125,093347,101.010000000,100
AAPL,0,20160125,093348,101.010000000,100
AAPL,0,20160125,093349,101.040000000,100
AAPL,0,20160125,093350,101.020000000,100
AAPL,0,20160125,093350,101.010000000,100
AAPL,0,20160125,093350,101.010000000,100
AAPL,0,20160125,093350,101.010000000,100
AAPL,0,20160125,093353,101.000000000,300
AAPL,0,20160125,093353,101.000000000,200
AAPL,0,20160125,093353,101.000000000,150
AAPL,0,20160125,093353,101.000000000,100
AAPL,0,20160125,093353,101.000000000,133
AAPL,0,20160125,093353,101.000000000,200
AAPL,0,20160125,093355,101.000000000,100
AAPL,0,20160125,093356,101.010000000,100
AAPL,0,20160125,093356,101.030000000,100
AAPL,0,20160125,093357,101.050000000,100
AAPL,0,20160125,093357,101.080000000,100
AAPL,0,20160125,093357,101.090000000,100
AAPL,0,20160125,093357,101.100000000,400
AAPL,0,20160125,093357,101.140000000,100
AAPL,0,20160125,093357,101.120000000,100
AAPL,0,20160125,093357,101.150000000,100
AAPL,0,20160125,093357,101.150000000,100
AAPL,0,20160125,093357,101.150000000,100
AAPL,0,20160125,093357,101.170000000,100
AAPL,0,20160125,093357,101.170000000,100
AAPL,0,20160125,093357,101.160000000,100
AAPL,0,20160125,093359,101.160000000,100
AAPL,0,20160125,093359,101.160000000,100
AAPL,0,20160125,093359,101.160000000,100
AAPL,0,20160125,093359,101.160000000,100
AAPL,0,20160125,093400,101.170000000,100
AAPL,0,20160125,093401,101.150000000,100
AAPL,0,20160125,093401,101.150000000,100
AAPL,0,20160125,093401,101.120000000,100
AAPL,0,20160125,093402,101.090000000,100
AAPL,0,20160125,093403,101.070000000,100
AAPL,0,20160125,093403,101.060000000,100
AAPL,0,20160125,093403,101.050000000,100
AAPL,0,20160125,093403,101.040000000,100
AAPL,0,20160125,093403,101.040000000,100
AAPL,0,20160125,093404,101.050000000,100
AAPL,0,20160125,093406,101.020000000,100
AAPL,0,20160125,093408,101.030000000,100
AAPL,0,20160125,093409,101.030000000,100
AAPL,0,20160125,093409,101.030000000,100
AAPL,0,20160125,093409,101.030000000,100
AAPL,0,20160125,093409,101.030000000,100
AAPL,0,20160125,093409,101.040000000,100
AAPL,0,20160125,093409,101.040000000,100
AAPL,0,20160125,093411,101.040000000,100
AAPL,0,20160125,093411,101.030000000,100
AAPL,0,20160125,093415,101.030000000,100
AAPL,0,20160125,093415,101.030000000,100
AAPL,0,20160125,093415,101.030000000,100
AAPL,0,20160125,093415,101.030000000,100
AAPL,0,20160125,093415,101.030000000,100
AAPL,0,20160125,093415,101.030000000,100
AAPL,0,20160125,093415,101.030000000,100
AAPL,0,20160125,093415,101.040000000,100
AAPL,0,20160125,093415,101.040000000,100
AAPL,0,20160125,093415,101.050000000,100
AAPL,0,20160125,093415,101.070000000,100
AAPL,0,20160125,093415,101.080000000,100
AAPL,0,20160125,093416,101.080000000,100
AAPL,0,20160125,093417,101.040000000,100
AAPL,0,20160125,093420,100.990000000,100
AAPL,0,20160125,093420,100.990000000,100
AAPL,0,20160125,093422,100.970000000,100
AAPL,0,20160125,093422,100.980000000,100
AAPL,0,20160125,093422,100.990000000,100
AAPL,0,20160125,093422,101.000000000,100
AAPL,0,20160125,093422,101.000000000,100
AAPL,0,20160125,093422,101.000000000,100
AAPL,0,20160125,093422,101.000000000,100
AAPL,0,20160125,093422,101.000000000,100
AAPL,0,20160125,093422,101.010000000,100
AAPL,0,20160125,093422,101.010000000,100
AAPL,0,20160125,093422,101.000000000,100
AAPL,0,20160125,093424,101.010000000,100
AAPL,0,20160125,093424,101.010000000,100
AAPL,0,20160125,093424,101.010000000,100
AAPL,0,20160125,093424,101.050000000,100
AAPL,0,20160125,093424,101.060000000,100
AAPL,0,20160125,093424,101.060000000,100
AAPL,0,20160125,093424,101.070000000,100
AAPL,0,20160125,093424,101.070000000,100
AAPL,0,20160125,093424,101.070000000,100
AAPL,0,20160125,093424,101.080000000,100
AAPL,0,20160125,093425,101.100000000,100
AAPL,0,20160125,093426,101.150000000,100
AAPL,0,20160125,093426,101.150000000,100
AAPL,0,20160125,093426,101.160000000,100
AAPL,0,20160125,093426,101.170000000,100
AAPL,0,20160125,093427,101.130000000,100
AAPL,0,20160125,093430,101.140000000,100
AAPL,0,20160125,093430,101.140000000,100
AAPL,0,20160125,093430,101.140000000,100
AAPL,0,20160125,093431,101.100000000,100
AAPL,0,20160125,093432,101.080000000,100
AAPL,0,20160125,093432,101.080000000,100
AAPL,0,20160125,093432,101.080000000,100
AAPL,0,20160125,093433,101.090000000,100
AAPL,0,20160125,093433,101.110000000,100
AAPL,0,20160125,093434,101.090000000,200
AAPL,0,20160125,093435,101.080000000,100
AAPL,0,20160125,093435,101.060000000,100
AAPL,0,20160125,093435,101.060000000,200
AAPL,0,20160125,093436,101.040000000,100
AAPL,0,20160125,093437,101.040000000,100
AAPL,0,20160125,093438,101.020000000,100
AAPL,0,20160125,093438,101.000000000,100
AAPL,0,20160125,093438,101.020000000,100
AAPL,0,20160125,093438,101.020000000,100
AAPL,0,20160125,093438,101.020000000,100
AAPL,0,20160125,093438,101.020000000,100
AAPL,0,20160125,093440,101.030000000,200
AAPL,0,20160125,093440,101.030000000,100
AAPL,0,20160125,093441,101.030000000,100
AAPL,0,20160125,093443,101.010000000,100
AAPL,0,20160125,093443,101.010000000,100
AAPL,0,20160125,093445,101.000000000,100
AAPL,0,20160125,093446,101.010000000,100
AAPL,0,20160125,093447,101.000000000,200
AAPL,0,20160125,093448,101.000000000,100
AAPL,0,20160125,093451,101.000000000,200
AAPL,0,20160125,093451,101.010000000,100
AAPL,0,20160125,093451,101.010000000,100
AAPL,0,20160125,093451,101.010000000,100
AAPL,0,20160125,093452,101.010000000,100
AAPL,0,20160125,093453,101.000000000,100
AAPL,0,20160125,093454,101.000000000,100
AAPL,0,20160125,093455,101.000000000,100
AAPL,0,20160125,093456,101.000000000,100
AAPL,0,20160125,093456,101.000000000,100
AAPL,0,20160125,093456,101.000000000,100
AAPL,0,20160125,093457,101.000000000,100
AAPL,0,20160125,093457,101.010000000,200
AAPL,0,20160125,093457,101.010000000,100
AAPL,0,20160125,093457,101.010000000,100
AAPL,0,20160125,093457,101.010000000,100
AAPL,0,20160125,093457,101.010000000,100
AAPL,0,20160125,093457,101.010000000,100
AAPL,0,20160125,093457,101.010000000,100
AAPL,0,20160125,093457,101.010000000,100
AAPL,0,20160125,093458,101.020000000,100
AAPL,0,20160125,093458,101.030000000,100
AAPL,0,20160125,093458,101.030000000,100
AAPL,0,20160125,093500,101.040000000,100
AAPL,0,20160125,093501,101.030000000,100
AAPL,0,20160125,093503,101.020000000,128
AAPL,0,20160125,093505,101.000000000,100
AAPL,0,20160125,093506,101.000000000,900
AAPL,0,20160125,093506,101.000000000,700
AAPL,0,20160125,093506,101.000000000,200
AAPL,0,20160125,093506,101.000000000,100
AAPL,0,20160125,093506,101.000000000,400
AAPL,0,20160125,093506,101.000000000,200
AAPL,0,20160125,093506,101.000000000,100
AAPL,0,20160125,093506,101.000000000,200
AAPL,0,20160125,093506,101.000000000,100
AAPL,0,20160125,093506,100.990000000,100
AAPL,0,20160125,093506,100.990000000,100
AAPL,0,20160125,093506,100.990000000,100
AAPL,0,20160125,093506,100.990000000,100
AAPL,0,20160125,093506,100.990000000,100
AAPL,0,20160125,093506,100.980000000,100
AAPL,0,20160125,093507,100.980000000,100
AAPL,0,20160125,093507,100.980000000,100
AAPL,0,20160125,093507,100.980000000,400
AAPL,0,20160125,093507,100.980000000,300
AAPL,0,20160125,093507,100.980000000,100
AAPL,0,20160125,093507,100.980000000,3900
AAPL,0,20160125,093507,100.980000000,100
AAPL,0,20160125,093507,100.990000000,100
AAPL,0,20160125,093507,100.990000000,500
AAPL,0,20160125,093507,101.000000000,200
AAPL,0,20160125,093507,101.000000000,200
AAPL,0,20160125,093507,101.000000000,100
AAPL,0,20160125,093507,101.000000000,100
AAPL,0,20160125,093507,101.000000000,100
AAPL,0,20160125,093507,101.000000000,100
AAPL,0,20160125,093508,100.980000000,100
AAPL,0,20160125,093508,100.970000000,100
AAPL,0,20160125,093508,100.950000000,100
AAPL,0,20160125,093508,100.980000000,100
AAPL,0,20160125,093508,100.990000000,200
AAPL,0,20160125,093509,100.970000000,100
AAPL,0,20160125,093509,100.970000000,100
AAPL,0,20160125,093509,101.000000000,100
AAPL,0,20160125,093509,100.990000000,100
AAPL,0,20160125,093509,100.980000000,100
AAPL,0,20160125,093509,100.990000000,100
AAPL,0,20160125,093509,100.980000000,100
AAPL,0,20160125,093509,100.980000000,100
AAPL,0,20160125,093510,100.990000000,100
AAPL,0,20160125,093510,100.990000000,100
AAPL,0,20160125,093510,101.000000000,100
AAPL,0,20160125,093510,101.000000000,100
AAPL,0,20160125,093510,100.990000000,100
AAPL,0,20160125,093510,100.990000000,100
AAPL,0,20160125,093510,101.000000000,100
AAPL,0,20160125,093510,101.000000000,100
AAPL,0,20160125,093511,100.970000000,100
AAPL,0,20160125,093511,100.970000000,100
AAPL,0,20160125,093511,100.960000000,100
AAPL,0,20160125,093511,100.950000000,100
AAPL,0,20160125,093511,100.940000000,100
AAPL,0,20160125,093511,100.930000000,100
AAPL,0,20160125,093511,100.950000000,100
AAPL,0,20160125,093511,100.960000000,100
AAPL,0,20160125,093511,100.970000000,100
AAPL,0,20160125,093511,100.970000000,100
AAPL,0,20160125,093511,100.990000000,100
AAPL,0,20160125,093511,101.000000000,100
AAPL,0,20160125,093511,101.000000000,1200
AAPL,0,20160125,093511,101.000000000,900
AAPL,0,20160125,093511,100.970000000,100
AAPL,0,20160125,093512,100.950000000,100
AAPL,0,20160125,093512,100.940000000,100
AAPL,0,20160125,093513,100.930000000,100
AAPL,0,20160125,093514,100.910000000,100
AAPL,0,20160125,093515,100.910000000,100
AAPL,0,20160125,093520,100.870000000,100
AAPL,0,20160125,093520,100.870000000,100
AAPL,0,20160125,093520,100.870000000,100
AAPL,0,20160125,093521,100.880000000,200
AAPL,0,20160125,093522,100.900000000,100
AAPL,0,20160125,093523,100.850000000,100
AAPL,0,20160125,093525,100.850000000,100
AAPL,0,20160125,093526,100.840000000,100
AAPL,0,20160125,093527,100.830000000,100
AAPL,0,20160125,093527,100.860000000,100
AAPL,0,20160125,093529,100.870000000,100
AAPL,0,20160125,093529,100.870000000,100
AAPL,0,20160125,093530,100.880000000,100
AAPL,0,20160125,093532,100.860000000,100
AAPL,0,20160125,093532,100.860000000,100
AAPL,0,20160125,093537,100.820000000,100
AAPL,0,20160125,093537,100.820000000,100
AAPL,0,20160125,093538,100.830000000,200
AAPL,0,20160125,093538,100.830000000,100
AAPL,0,20160125,093538,100.830000000,100
AAPL,0,20160125,093540,100.770000000,100
AAPL,0,20160125,093540,100.780000000,100
AAPL,0,20160125,093540,100.790000000,100
AAPL,0,20160125,093542,100.750000000,200
AAPL,0,20160125,093542,100.750000000,200
AAPL,0,20160125,093542,100.730000000,100
AAPL,0,20160125,093543,100.760000000,200
AAPL,0,20160125,093544,100.770000000,100
AAPL,0,20160125,093545,100.790000000,100
AAPL,0,20160125,093545,100.790000000,100
AAPL,0,20160125,093545,100.800000000,100
AAPL,0,20160125,093546,100.800000000,400
AAPL,0,20160125,093546,100.800000000,100
AAPL,0,20160125,093546,100.800000000,100
AAPL,0,20160125,093547,100.800000000,100
AAPL,0,20160125,093547,100.800000000,100
AAPL,0,20160125,093547,100.800000000,100
AAPL,0,20160125,093548,100.800000000,100
AAPL,0,20160125,093548,100.800000000,100
AAPL,0,20160125,093548,100.800000000,200
AAPL,0,20160125,093548,100.800000000,100
AAPL,0,20160125,093548,100.800000000,100
AAPL,0,20160125,093548,100.800000000,100
AAPL,0,20160125,093548,100.800000000,100
AAPL,0,20160125,093550,100.800000000,100
AAPL,0,20160125,093550,100.800000000,100
AAPL,0,20160125,093554,100.760000000,100
AAPL,0,20160125,093554,100.760000000,100
AAPL,0,20160125,093554,100.760000000,200
AAPL,0,20160125,093554,100.750000000,100
AAPL,0,20160125,093555,100.740000000,100
AAPL,0,20160125,093559,100.700000000,200
AAPL,0,20160125,093600,100.640000000,100
AAPL,0,20160125,093600,100.670000000,100
AAPL,0,20160125,093603,100.650000000,200
AAPL,0,20160125,093604,100.620000000,100
AAPL,0,20160125,093605,100.620000000,100
AAPL,0,20160125,093605,100.620000000,100
AAPL,0,20160125,093605,100.620000000,100
AAPL,0,20160125,093605,100.620000000,100
AAPL,0,20160125,093605,100.640000000,100
AAPL,0,20160125,093605,100.650000000,200
AAPL,0,20160125,093607,100.640000000,100
AAPL,0,20160125,093607,100.660000000,100
AAPL,0,20160125,093612,100.640000000,100
AAPL,0,20160125,093612,100.640000000,100
AAPL,0,20160125,093612,100.640000000,100
AAPL,0,20160125,093613,100.650000000,200
AAPL,0,20160125,093613,100.650000000,100
AAPL,0,20160125,093613,100.650000000,100
AAPL,0,20160125,093616,100.670000000,100
AAPL,0,20160125,093616,100.670000000,100
AAPL,0,20160125,093616,100.670000000,100
AAPL,0,20160125,093617,100.670000000,100
AAPL,0,20160125,093617,100.680000000,100
AAPL,0,20160125,093617,100.670000000,100
AAPL,0,20160125,093617,100.660000000,100
AAPL,0,20160125,093617,100.660000000,100
AAPL,0,20160125,093619,100.640000000,100
AAPL,0,20160125,093621,100.620000000,100
AAPL,0,20160125,093621,100.630000000,100
AAPL,0,20160125,093621,100.620000000,100
AAPL,0,20160125,093623,100.620000000,150
AAPL,0,20160125,093624,100.620000000,100
AAPL,0,20160125,093624,100.630000000,100
AAPL,0,20160125,093624,100.630000000,200
AAPL,0,20160125,093624,100.630000000,100
AAPL,0,20160125,093624,100.640000000,100
AAPL,0,20160125,093624,100.640000000,100
AAPL,0,20160125,093625,100.650000000,100
AAPL,0,20160125,093627,100.650000000,100
AAPL,0,20160125,093627,100.650000000,100
AAPL,0,20160125,093628,100.660000000,100
AAPL,0,20160125,093628,100.660000000,100
AAPL,0,20160125,093628,100.660000000,100
AAPL,0,20160125,093628,100.650000000,134
AAPL,0,20160125,093631,100.670000000,100
AAPL,0,20160125,093632,100.650000000,183
AAPL,0,20160125,093632,100.650000000,100
AAPL,0,20160125,093632,100.650000000,100
AAPL,0,20160125,093633,100.650000000,200
AAPL,0,20160125,093634,100.640000000,100
AAPL,0,20160125,093634,100.650000000,200
AAPL,0,20160125,093634,100.650000000,100
AAPL,0,20160125,093635,100.650000000,100
AAPL,0,20160125,093636,100.640000000,100
AAPL,0,20160125,093636,100.650000000,100
AAPL,0,20160125,093636,100.650000000,100
AAPL,0,20160125,093637,100.660000000,100
AAPL,0,20160125,093637,100.660000000,100
AAPL,0,20160125,093637,100.660000000,100
AAPL,0,20160125,093637,100.660000000,100
AAPL,0,20160125,093637,100.660000000,100
AAPL,0,20160125,093638,100.690000000,100
AAPL,0,20160125,093639,100.690000000,100
AAPL,0,20160125,093640,100.680000000,100
AAPL,0,20160125,093640,100.680000000,100
AAPL,0,20160125,093640,100.680000000,245
AAPL,0,20160125,093640,100.680000000,100
AAPL,0,20160125,093640,100.680000000,200
AAPL,0,20160125,093640,100.660000000,100
AAPL,0,20160125,093640,100.660000000,200
AAPL,0,20160125,093640,100.670000000,100
AAPL,0,20160125,093640,100.660000000,100
AAPL,0,20160125,093640,100.660000000,100
AAPL,0,20160125,093640,100.660000000,100
AAPL,0,20160125,093640,100.650000000,300
AAPL,0,20160125,093640,100.650000000,300
AAPL,0,20160125,093641,100.670000000,100
AAPL,0,20160125,093641,100.670000000,100
AAPL,0,20160125,093644,100.660000000,100
AAPL,0,20160125,093644,100.660000000,100
AAPL,0,20160125,093644,100.660000000,100
AAPL,0,20160125,093644,100.660000000,100
AAPL,0,20160125,093644,100.660000000,200
AAPL,0,20160125,093644,100.660000000,200
AAPL,0,20160125,093644,100.670000000,100
AAPL,0,20160125,093644,100.670000000,100
AAPL,0,20160125,093644,100.670000000,100
AAPL,0,20160125,093644,100.670000000,100
AAPL,0,20160125,093644,100.680000000,100
AAPL,0,20160125,093645,100.670000000,100
AAPL,0,20160125,093646,100.680000000,100
AAPL,0,20160125,093646,100.680000000,100
AAPL,0,20160125,093647,100.680000000,100
AAPL,0,20160125,093647,100.690000000,100
AAPL,0,20160125,093647,100.690000000,200
AAPL,0,20160125,093647,100.700000000,100
AAPL,0,20160125,093647,100.670000000,100
AAPL,0,20160125,093647,100.670000000,100
AAPL,0,20160125,093647,100.670000000,100
AAPL,0,20160125,093648,100.680000000,100
AAPL,0,20160125,093648,100.680000000,100
AAPL,0,20160125,093648,100.680000000,100
AAPL,0,20160125,093648,100.690000000,100
AAPL,0,20160125,093648,100.670000000,100
AAPL,0,20160125,093649,100.690000000,200
AAPL,0,20160125,093649,100.690000000,100
AAPL,0,20160125,093649,100.690000000,100
AAPL,0,20160125,093649,100.690000000,100
AAPL,0,20160125,093649,100.700000000,100
AAPL,0,20160125,093649,100.700000000,100
AAPL,0,20160125,093649,100.700000000,200
AAPL,0,20160125,093649,100.710000000,100
AAPL,0,20160125,093649,100.710000000,100
AAPL,0,20160125,093649,100.720000000,100
AAPL,0,20160125,093650,100.720000000,100
AAPL,0,20160125,093651,100.690000000,100
AAPL,0,20160125,093652,100.700000000,100
AAPL,0,20160125,093653,100.680000000,100
AAPL,0,20160125,093653,100.680000000,100
AAPL,0,20160125,093653,100.670000000,100
AAPL,0,20160125,093653,100.670000000,100
AAPL,0,20160125,093654,100.690000000,100
AAPL,0,20160125,093654,100.670000000,100
AAPL,0,20160125,093655,100.670000000,100
AAPL,0,20160125,093655,100.680000000,100
AAPL,0,20160125,093655,100.680000000,100
AAPL,0,20160125,093655,100.680000000,100
AAPL,0,20160125,093655,100.680000000,100
AAPL,0,20160125,093655,100.680000000,100
AAPL,0,20160125,093655,100.680000000,100
AAPL,0,20160125,093655,100.680000000,100
AAPL,0,20160125,093655,100.680000000,100
AAPL,0,20160125,093655,100.680000000,100
AAPL,0,20160125,093656,100.670000000,100
AAPL,0,20160125,093656,100.670000000,200
AAPL,0,20160125,093656,100.670000000,100
AAPL,0,20160125,093656,100.670000000,200
AAPL,0,20160125,093656,100.670000000,100
AAPL,0,20160125,093656,100.670000000,100
AAPL,0,20160125,093657,100.680000000,200
AAPL,0,20160125,093657,100.680000000,100
AAPL,0,20160125,093657,100.680000000,100
AAPL,0,20160125,093657,100.680000000,100
AAPL,0,20160125,093657,100.680000000,100
AAPL,0,20160125,093657,100.680000000,100
AAPL,0,20160125,093657,100.680000000,100
AAPL,0,20160125,093657,100.700000000,200
AAPL,0,20160125,093657,100.700000000,100
AAPL,0,20160125,093657,100.700000000,100
AAPL,0,20160125,093658,100.710000000,100
AAPL,0,20160125,093658,100.710000000,100
AAPL,0,20160125,093658,100.710000000,100
AAPL,0,20160125,093658,100.700000000,200
AAPL,0,20160125,093658,100.700000000,100
AAPL,0,20160125,093658,100.710000000,100
AAPL,0,20160125,093658,100.710000000,100
AAPL,0,20160125,093658,100.710000000,100
AAPL,0,20160125,093658,100.710000000,100
AAPL,0,20160125,093658,100.710000000,100
AAPL,0,20160125,093659,100.710000000,100
AAPL,0,20160125,093659,100.710000000,100
AAPL,0,20160125,093659,100.710000000,100
AAPL,0,20160125,093700,100.700000000,100
AAPL,0,20160125,093700,100.700000000,100
AAPL,0,20160125,093700,100.720000000,100
AAPL,0,20160125,093701,100.720000000,100
AAPL,0,20160125,093701,100.720000000,100
AAPL,0,20160125,093702,100.710000000,100
AAPL,0,20160125,093703,100.740000000,200
AAPL,0,20160125,093703,100.740000000,100
AAPL,0,20160125,093704,100.770000000,100
AAPL,0,20160125,093705,100.760000000,100
AAPL,0,20160125,093705,100.760000000,500
AAPL,0,20160125,093708,100.740000000,100
AAPL,0,20160125,093708,100.740000000,100
AAPL,0,20160125,093708,100.730000000,100
AAPL,0,20160125,093708,100.740000000,100
AAPL,0,20160125,093708,100.750000000,100
AAPL,0,20160125,093709,100.760000000,100
AAPL,0,20160125,093709,100.760000000,100
AAPL,0,20160125,093711,100.790000000,100
AAPL,0,20160125,093711,100.800000000,200
AAPL,0,20160125,093711,100.800000000,100
AAPL,0,20160125,093711,100.810000000,100
AAPL,0,20160125,093711,100.830000000,100
AAPL,0,20160125,093712,100.820000000,200
AAPL,0,20160125,093712,100.800000000,162
AAPL,0,20160125,093713,100.790000000,100
AAPL,0,20160125,093713,100.770000000,100
AAPL,0,20160125,093715,100.790000000,100
AAPL,0,20160125,093715,100.790000000,100
AAPL,0,20160125,093715,100.780000000,200
AAPL,0,20160125,093715,100.760000000,100
AAPL,0,20160125,093716,100.810000000,100
AAPL,0,20160125,093716,100.810000000,100
AAPL,0,20160125,093716,100.810000000,200
AAPL,0,20160125,093716,100.810000000,100
AAPL,0,20160125,093716,100.810000000,100
AAPL,0,20160125,093718,100.800000000,100
AAPL,0,20160125,093718,100.810000000,200
AAPL,0,20160125,093718,100.810000000,200
AAPL,0,20160125,093719,100.770000000,100
AAPL,0,20160125,093720,100.780000000,100
AAPL,0,20160125,093723,100.830000000,100
AAPL,0,20160125,093725,100.840000000,100
AAPL,0,20160125,093725,100.870000000,100
AAPL,0,20160125,093725,100.860000000,200
AAPL,0,20160125,093725,100.870000000,100
AAPL,0,20160125,093727,100.770000000,100
AAPL,0,20160125,093727,100.770000000,100
AAPL,0,20160125,093727,100.770000000,200
AAPL,0,20160125,093727,100.760000000,100
AAPL,0,20160125,093727,100.760000000,100
AAPL,0,20160125,093727,100.780000000,100
AAPL,0,20160125,093728,100.790000000,100
AAPL,0,20160125,093728,100.800000000,100
AAPL,0,20160125,093730,100.790000000,100
AAPL,0,20160125,093730,100.790000000,100
AAPL,0,20160125,093733,100.770000000,100
AAPL,0,20160125,093734,100.770000000,100
AAPL,0,20160125,093735,100.760000000,100
AAPL,0,20160125,093737,100.750000000,200
AAPL,0,20160125,093737,100.760000000,100
AAPL,0,20160125,093738,100.760000000,100
AAPL,0,20160125,093738,100.760000000,100
AAPL,0,20160125,093738,100.760000000,100
AAPL,0,20160125,093739,100.770000000,100
AAPL,0,20160125,093740,100.790000000,100
AAPL,0,20160125,093740,100.780000000,100
AAPL,0,20160125,093740,100.760000000,200
AAPL,0,20160125,093740,100.750000000,100
AAPL,0,20160125,093740,100.750000000,200
AAPL,0,20160125,093742,100.780000000,100
AAPL,0,20160125,093742,100.780000000,100
AAPL,0,20160125,093742,100.780000000,100
AAPL,0,20160125,093745,100.810000000,200
AAPL,0,20160125,093745,100.810000000,100
AAPL,0,20160125,093745,100.810000000,100
AAPL,0,20160125,093745,100.810000000,100
AAPL,0,20160125,093745,100.790000000,100
AAPL,0,20160125,093750,100.780000000,100
AAPL,0,20160125,093750,100.780000000,100
AAPL,0,20160125,093751,100.770000000,100
AAPL,0,20160125,093752,100.770000000,100
AAPL,0,20160125,093752,100.760000000,200
AAPL,0,20160125,093752,100.760000000,100
AAPL,0,20160125,093752,100.760000000,100
AAPL,0,20160125,093752,100.760000000,100
AAPL,0,20160125,093753,100.760000000,100
AAPL,0,20160125,093755,100.750000000,100
AAPL,0,20160125,093755,100.750000000,100
AAPL,0,20160125,093755,100.750000000,100
AAPL,0,20160125,093755,100.750000000,100
AAPL,0,20160125,093755,100.760000000,100
AAPL,0,20160125,093755,100.760000000,100
AAPL,0,20160125,093755,100.760000000,100
AAPL,0,20160125,093755,100.760000000,100
AAPL,0,20160125,093755,100.760000000,100
AAPL,0,20160125,093755,100.760000000,100
AAPL,0,20160125,093756,100.760000000,100
AAPL,0,20160125,093756,100.760000000,100
AAPL,0,20160125,093756,100.760000000,100
AAPL,0,20160125,093756,100.760000000,100
AAPL,0,20160125,093758,100.760000000,200
AAPL,0,20160125,093758,100.760000000,100
AAPL,0,20160125,093758,100.760000000,600
AAPL,0,20160125,093759,100.780000000,100
AAPL,0,20160125,093759,100.780000000,100
AAPL,0,20160125,093759,100.780000000,100
AAPL,0,20160125,093759,100.780000000,100
AAPL,0,20160125,093759,100.790000000,100
AAPL,0,20160125,093800,100.790000000,100
AAPL,0,20160125,093801,100.800000000,100
AAPL,0,20160125,093801,100.800000000,100
AAPL,0,20160125,093801,100.800000000,100
AAPL,0,20160125,093802,100.810000000,100
AAPL,0,20160125,093805,100.760000000,300
AAPL,0,20160125,093805,100.760000000,100
AAPL,0,20160125,093805,100.760000000,100
AAPL,0,20160125,093805,100.760000000,100
AAPL,0,20160125,093807,100.760000000,200
AAPL,0,20160125,093807,100.760000000,100
AAPL,0,20160125,093807,100.760000000,100
AAPL,0,20160125,093807,100.760000000,100
AAPL,0,20160125,093807,100.760000000,200
AAPL,0,20160125,093807,100.760000000,100
AAPL,0,20160125,093807,100.760000000,100
AAPL,0,20160125,093807,100.760000000,100
AAPL,0,20160125,093808,100.770000000,100
AAPL,0,20160125,093808,100.780000000,100
AAPL,0,20160125,093808,100.800000000,100
AAPL,0,20160125,093808,100.810000000,100
AAPL,0,20160125,093810,100.850000000,100
AAPL,0,20160125,093812,100.850000000,100
AAPL,0,20160125,093812,100.850000000,100
AAPL,0,20160125,093812,100.860000000,100
AAPL,0,20160125,093812,100.860000000,100
AAPL,0,20160125,093812,100.850000000,200
AAPL,0,20160125,093812,100.870000000,100
AAPL,0,20160125,093812,100.860000000,100
AAPL,0,20160125,093813,100.870000000,100
AAPL,0,20160125,093813,100.870000000,100
AAPL,0,20160125,093813,100.865000000,573
AAPL,0,20160125,093814,100.850000000,100
AAPL,0,20160125,093815,100.840000000,200
AAPL,0,20160125,093815,100.850000000,100
AAPL,0,20160125,093815,100.850000000,100
AAPL,0,20160125,093816,100.850000000,100
AAPL,0,20160125,093816,100.850000000,100
AAPL,0,20160125,093816,100.850000000,100
AAPL,0,20160125,093816,100.850000000,100
AAPL,0,20160125,093816,100.850000000,100
AAPL,0,20160125,093818,100.830000000,200
AAPL,0,20160125,093818,100.850000000,100
AAPL,0,20160125,093818,100.860000000,100
AAPL,0,20160125,093818,100.860000000,100
AAPL,0,20160125,093819,100.840000000,200
AAPL,0,20160125,093820,100.820000000,100
AAPL,0,20160125,093820,100.820000000,500
AAPL,0,20160125,093820,100.820000000,300
AAPL,0,20160125,093820,100.820000000,100
AAPL,0,20160125,093820,100.810000000,100
AAPL,0,20160125,093820,100.810000000,100
AAPL,0,20160125,093821,100.800000000,100
AAPL,0,20160125,093821,100.820000000,100
AAPL,0,20160125,093823,100.820000000,300
AAPL,0,20160125,093824,100.810000000,100
AAPL,0,20160125,093824,100.820000000,100
AAPL,0,20160125,093824,100.820000000,100
AAPL,0,20160125,093824,100.840000000,100
AAPL,0,20160125,093825,100.830000000,100
AAPL,0,20160125,093827,100.850000000,100
AAPL,0,20160125,093829,100.820000000,100
AAPL,0,20160125,093829,100.830000000,100
AAPL,0,20160125,093830,100.820000000,100
AAPL,0,20160125,093831,100.820000000,100
AAPL,0,20160125,093832,100.820000000,100
AAPL,0,20160125,093832,100.820000000,100
AAPL,0,20160125,093833,100.830000000,100
AAPL,0,20160125,093835,100.850000000,100
AAPL,0,20160125,093835,100.850000000,100
AAPL,0,20160125,093835,100.850000000,100
AAPL,0,20160125,093836,100.850000000,200
AAPL,0,20160125,093836,100.850000000,100
AAPL,0,20160125,093837,100.860000000,341
AAPL,0,20160125,093837,100.860000000,100
AAPL,0,20160125,093837,100.860000000,100
AAPL,0,20160125,093837,100.860000000,100
AAPL,0,20160125,093837,100.870000000,200
AAPL,0,20160125,093837,100.860000000,100
AAPL,0,20160125,093837,100.860000000,100
AAPL,0,20160125,093837,100.860000000,100
AAPL,0,20160125,093837,100.860000000,100
AAPL,0,20160125,093840,100.860000000,100
AAPL,0,20160125,093840,100.860000000,100
AAPL,0,20160125,093840,100.860000000,100
AAPL,0,20160125,093840,100.860000000,200
AAPL,0,20160125,093840,100.850000000,400
AAPL,0,20160125,093841,100.830000000,100
AAPL,0,20160125,093841,100.830000000,100
AAPL,0,20160125,093842,100.840000000,100
AAPL,0,20160125,093842,100.850000000,100
AAPL,0,20160125,093843,100.860000000,100
AAPL,0,20160125,093845,100.840000000,200
AAPL,0,20160125,093845,100.840000000,100
AAPL,0,20160125,093845,100.850000000,100
AAPL,0,20160125,093847,100.870000000,150
AAPL,0,20160125,093847,100.865000000,500
AAPL,0,20160125,093847,100.865000000,500
AAPL,0,20160125,093847,100.870000000,100
AAPL,0,20160125,093847,100.870000000,100
AAPL,0,20160125,093847,100.870000000,106
AAPL,0,20160125,093847,100.860000000,100
AAPL,0,20160125,093847,100.860000000,100
AAPL,0,20160125,093847,100.870000000,100
AAPL,0,20160125,093848,100.860000000,100
AAPL,0,20160125,093848,100.860000000,200
AAPL,0,20160125,093848,100.860000000,200
AAPL,0,20160125,093848,100.860000000,200
AAPL,0,20160125,093848,100.860000000,200
AAPL,0,20160125,093848,100.870000000,100
AAPL,0,20160125,093849,100.850000000,100
AAPL,0,20160125,093850,100.840000000,200
AAPL,0,20160125,093850,100.830000000,100
AAPL,0,20160125,093852,100.820000000,100
AAPL,0,20160125,093852,100.820000000,100
AAPL,0,20160125,093854,100.830000000,200
AAPL,0,20160125,093854,100.830000000,100
AAPL,0,20160125,093854,100.850000000,100
AAPL,0,20160125,093855,100.830000000,100
AAPL,0,20160125,093855,100.830000000,100
AAPL,0,20160125,093857,100.830000000,100
AAPL,0,20160125,093857,100.860000000,100
AAPL,0,20160125,093857,100.830000000,100
AAPL,0,20160125,093857,100.830000000,100
AAPL,0,20160125,093857,100.820000000,200
AAPL,0,20160125,093857,100.820000000,100
AAPL,0,20160125,093900,100.810000000,120
AAPL,0,20160125,093900,100.810000000,180
AAPL,0,20160125,093901,100.805000000,100
AAPL,0,20160125,093903,100.800000000,100
AAPL,0,20160125,093903,100.800000000,100
AAPL,0,20160125,093903,100.800000000,100
AAPL,0,20160125,093903,100.800000000,100
AAPL,0,20160125,093904,100.800000000,100
AAPL,0,20160125,093904,100.795000000,100
AAPL,0,20160125,093904,100.800000000,100
AAPL,0,20160125,093906,100.810000000,100
AAPL,0,20160125,093906,100.810000000,100
AAPL,0,20160125,093906,100.800000000,100
AAPL,0,20160125,093906,100.790000000,100
AAPL,0,20160125,093906,100.790000000,100
AAPL,0,20160125,093907,100.760000000,100
AAPL,0,20160125,093908,100.760000000,100
AAPL,0,20160125,093908,100.760000000,100
AAPL,0,20160125,093908,100.760000000,100
AAPL,0,20160125,093908,100.780000000,100
AAPL,0,20160125,093908,100.790000000,100
AAPL,0,20160125,093908,100.800000000,100
AAPL,0,20160125,093908,100.770000000,100
AAPL,0,20160125,093908,100.760000000,100
AAPL,0,20160125,093909,100.750000000,100
AAPL,0,20160125,093909,100.750000000,100
AAPL,0,20160125,093909,100.750000000,100
AAPL,0,20160125,093909,100.740000000,100
AAPL,0,20160125,093909,100.740000000,100
AAPL,0,20160125,093909,100.740000000,100
AAPL,0,20160125,093909,100.750000000,100
AAPL,0,20160125,093909,100.750000000,100
AAPL,0,20160125,093909,100.780000000,100
AAPL,0,20160125,093909,100.790000000,100
AAPL,0,20160125,093909,100.790000000,100
AAPL,0,20160125,093910,100.780000000,200
AAPL,0,20160125,093911,100.800000000,100
AAPL,0,20160125,093911,100.820000000,300
AAPL,0,20160125,093912,100.820000000,100
AAPL,0,20160125,093912,100.820000000,100
AAPL,0,20160125,093912,100.820000000,100
AAPL,0,20160125,093912,100.820000000,100
AAPL,0,20160125,093913,100.820000000,100
AAPL,0,20160125,093913,100.820000000,100
AAPL,0,20160125,093913,100.800000000,100
AAPL,0,20160125,093913,100.800000000,100
AAPL,0,20160125,093914,100.830000000,100
AAPL,0,20160125,093915,100.810000000,200
AAPL,0,20160125,093915,100.800000000,700
AAPL,0,20160125,093915,100.800000000,300
AAPL,0,20160125,093915,100.810000000,100
AAPL,0,20160125,093915,100.800000000,100
AAPL,0,20160125,093915,100.810000000,100
AAPL,0,20160125,093915,100.810000000,100
AAPL,0,20160125,093917,100.800000000,100
AAPL,0,20160125,093917,100.810000000,100
AAPL,0,20160125,093917,100.810000000,100
AAPL,0,20160125,093917,100.790000000,300
AAPL,0,20160125,093917,100.790000000,100
AAPL,0,20160125,093917,100.800000000,100
AAPL,0,20160125,093919,100.830000000,100
AAPL,0,20160125,093919,100.850000000,100
AAPL,0,20160125,093919,100.850000000,100
AAPL,0,20160125,093919,100.850000000,100
AAPL,0,20160125,093919,100.850000000,100
AAPL,0,20160125,093919,100.850000000,100
AAPL,0,20160125,093919,100.850000000,300
AAPL,0,20160125,093919,100.850000000,100
AAPL,0,20160125,093919,100.850000000,100
AAPL,0,20160125,093919,100.860000000,100
AAPL,0,20160125,093919,100.860000000,100
AAPL,0,20160125,093919,100.860000000,100
AAPL,0,20160125,093919,100.850000000,100
AAPL,0,20160125,093919,100.850000000,100
AAPL,0,20160125,093920,100.840000000,100
AAPL,0,20160125,093920,100.830000000,100
AAPL,0,20160125,093922,100.830000000,100
AAPL,0,20160125,093922,100.830000000,100
AAPL,0,20160125,093922,100.830000000,100
AAPL,0,20160125,093925,100.850000000,100
AAPL,0,20160125,093930,100.820000000,200
AAPL,0,20160125,093930,100.820000000,200
AAPL,0,20160125,093930,100.820000000,100
AAPL,0,20160125,093930,100.820000000,200
AAPL,0,20160125,093930,100.830000000,100
AAPL,0,20160125,093930,100.830000000,100
AAPL,0,20160125,093932,100.850000000,100
AAPL,0,20160125,093932,100.860000000,100
AAPL,0,20160125,093932,100.860000000,100
AAPL,0,20160125,093932,100.860000000,100
AAPL,0,20160125,093932,100.860000000,100
AAPL,0,20160125,093933,100.860000000,100
AAPL,0,20160125,093934,100.880000000,100
AAPL,0,20160125,093934,100.880000000,248
AAPL,0,20160125,093934,100.880000000,242
AAPL,0,20160125,093934,100.880000000,510
AAPL,0,20160125,093935,100.920000000,100
AAPL,0,20160125,093935,100.920000000,100
AAPL,0,20160125,093935,100.930000000,100
AAPL,0,20160125,093935,100.930000000,175
AAPL,0,20160125,093935,100.930000000,221
AAPL,0,20160125,093935,100.930000000,139
AAPL,0,20160125,093935,100.930000000,223
AAPL,0,20160125,093935,100.930000000,560
AAPL,0,20160125,093935,100.930000000,200
AAPL,0,20160125,093935,100.930000000,100
AAPL,0,20160125,093935,100.930000000,100
AAPL,0,20160125,093935,100.930000000,100
AAPL,0,20160125,093935,100.935000000,100
AAPL,0,20160125,093935,100.935000000,100
AAPL,0,20160125,093935,100.935000000,100
AAPL,0,20160125,093935,100.930000000,200
AAPL,0,20160125,093936,100.930000000,100
AAPL,0,20160125,093936,100.930000000,100
AAPL,0,20160125,093936,100.930000000,900
AAPL,0,20160125,093936,100.930000000,100
AAPL,0,20160125,093936,100.930000000,200
AAPL,0,20160125,093936,100.930000000,800
AAPL,0,20160125,093936,100.930000000,100
AAPL,0,20160125,093936,100.930000000,100
AAPL,0,20160125,093936,100.930000000,200
AAPL,0,20160125,093937,100.910000000,100
AAPL,0,20160125,093938,100.930000000,100
AAPL,0,20160125,093938,100.930000000,100
AAPL,0,20160125,093938,100.920000000,100
AAPL,0,20160125,093938,100.930000000,100
AAPL,0,20160125,093938,100.930000000,100
AAPL,0,20160125,093938,100.930000000,100
AAPL,0,20160125,093938,100.930000000,100
AAPL,0,20160125,093938,100.930000000,189
AAPL,0,20160125,093939,100.950000000,100
AAPL,0,20160125,093939,100.950000000,100
AAPL,0,20160125,093940,100.970000000,100
AAPL,0,20160125,093940,100.970000000,100
AAPL,0,20160125,093940,100.960000000,100
AAPL,0,20160125,093940,100.960000000,100
AAPL,0,20160125,093941,100.960000000,100
AAPL,0,20160125,093941,100.950000000,100
AAPL,0,20160125,093943,100.970000000,100
AAPL,0,20160125,093943,100.990000000,200
AAPL,0,20160125,093944,100.960000000,100
AAPL,0,20160125,093944,100.960000000,100
AAPL,0,20160125,093944,100.970000000,100
AAPL,0,20160125,093944,100.980000000,100
AAPL,0,20160125,093944,100.980000000,100
AAPL,0,20160125,093944,100.980000000,100
AAPL,0,20160125,093944,100.990000000,100
AAPL,0,20160125,093944,101.000000000,172
AAPL,0,20160125,093944,101.000000000,800
AAPL,0,20160125,093944,101.000000000,103
AAPL,0,20160125,093944,101.000000000,100
AAPL,0,20160125,093944,101.000000000,100
AAPL,0,20160125,093945,101.010000000,200
AAPL,0,20160125,093945,101.010000000,100
AAPL,0,20160125,093945,101.010000000,100
AAPL,0,20160125,093945,101.010000000,100
AAPL,0,20160125,093945,101.010000000,100
AAPL,0,20160125,093946,101.040000000,100
AAPL,0,20160125,093946,101.040000000,100
AAPL,0,20160125,093946,101.040000000,100
AAPL,0,20160125,093946,101.040000000,100
AAPL,0,20160125,093947,101.050000000,100
AAPL,0,20160125,093947,101.050000000,100
AAPL,0,20160125,093948,101.050000000,100
AAPL,0,20160125,093948,101.080000000,127
AAPL,0,20160125,093948,101.080000000,100
AAPL,0,20160125,093949,101.050000000,100
AAPL,0,20160125,093950,101.000000000,100
AAPL,0,20160125,093950,101.000000000,400
AAPL,0,20160125,093950,101.000000000,250
AAPL,0,20160125,093950,101.000000000,300
AAPL,0,20160125,093950,101.000000000,327
AAPL,0,20160125,093950,101.000000000,123
AAPL,0,20160125,093950,100.990000000,100
AAPL,0,20160125,093951,100.980000000,200
AAPL,0,20160125,093951,100.970000000,100
AAPL,0,20160125,093951,100.960000000,100
AAPL,0,20160125,093951,100.950000000,100
AAPL,0,20160125,093951,100.950000000,100
AAPL,0,20160125,093951,100.940000000,100
AAPL,0,20160125,093952,100.940000000,100
AAPL,0,20160125,093952,100.940000000,100
AAPL,0,20160125,093952,100.930000000,100
AAPL,0,20160125,093952,100.920000000,100
AAPL,0,20160125,093952,100.900000000,100
AAPL,0,20160125,093954,100.870000000,100
AAPL,0,20160125,093954,100.870000000,200
AAPL,0,20160125,093954,100.870000000,100
AAPL,0,20160125,093955,100.860000000,100
AAPL,0,20160125,093957,100.820000000,100
AAPL,0,20160125,093958,100.820000000,100
AAPL,0,20160125,093958,100.830000000,100
AAPL,0,20160125,093958,100.830000000,100
AAPL,0,20160125,093958,100.830000000,100
AAPL,0,20160125,093958,100.830000000,100
AAPL,0,20160125,093958,100.830000000,290
AAPL,0,20160125,093958,100.830000000,102
AAPL,0,20160125,093959,100.830000000,100
AAPL,0,20160125,093959,100.830000000,560
AAPL,0,20160125,093959,100.830000000,240
AAPL,0,20160125,093959,100.840000000,200
AAPL,0,20160125,093959,100.840000000,100
AAPL,0,20160125,093959,100.840000000,100
AAPL,0,20160125,093959,100.840000000,100
AAPL,0,20160125,093959,100.840000000,100
AAPL,0,20160125,093959,100.830000000,100
AAPL,0,20160125,093959,100.830000000,100
AAPL,0,20160125,093959,100.830000000,100
AAPL,0,20160125,094000,100.820000000,100
AAPL,0,20160125,094000,100.820000000,100
AAPL,0,20160125,094003,100.820000000,100
AAPL,0,20160125,094003,100.820000000,100
AAPL,0,20160125,094004,100.820000000,100
AAPL,0,20160125,094004,100.830000000,100
AAPL,0,20160125,094004,100.830000000,100
AAPL,0,20160125,094004,100.830000000,100
AAPL,0,20160125,094005,100.830000000,100
AAPL,0,20160125,094005,100.830000000,100
AAPL,0,20160125,094005,100.830000000,200
AAPL,0,20160125,094006,100.830000000,100
AAPL,0,20160125,094006,100.830000000,100
AAPL,0,20160125,094006,100.810000000,100
AAPL,0,20160125,094006,100.810000000,100
AAPL,0,20160125,094006,100.810000000,100
AAPL,0,20160125,094006,100.810000000,100
AAPL,0,20160125,094006,100.810000000,100
AAPL,0,20160125,094006,100.810000000,100
AAPL,0,20160125,094009,100.790000000,100
AAPL,0,20160125,094009,100.790000000,100
AAPL,0,20160125,094009,100.790000000,100
AAPL,0,20160125,094009,100.770000000,100
AAPL,0,20160125,094012,100.770000000,100
AAPL,0,20160125,094012,100.770000000,100
AAPL,0,20160125,094015,100.750000000,100
AAPL,0,20160125,094016,100.760000000,100
AAPL,0,20160125,094018,100.750000000,100
AAPL,0,20160125,094019,100.720000000,100
AAPL,0,20160125,094019,100.720000000,100
AAPL,0,20160125,094019,100.730000000,100
AAPL,0,20160125,094019,100.720000000,200
AAPL,0,20160125,094021,100.710000000,200
AAPL,0,20160125,094022,100.710000000,100
AAPL,0,20160125,094024,100.690000000,100
AAPL,0,20160125,094024,100.660000000,100
AAPL,0,20160125,094024,100.660000000,100
AAPL,0,20160125,094025,100.660000000,100
AAPL,0,20160125,094026,100.700000000,100
AAPL,0,20160125,094026,100.700000000,100
AAPL,0,20160125,094029,100.670000000,100
AAPL,0,20160125,094029,100.650000000,313
AAPL,0,20160125,094029,100.650000000,200
AAPL,0,20160125,094029,100.650000000,100
AAPL,0,20160125,094029,100.650000000,100
AAPL,0,20160125,094029,100.650000000,237
AAPL,0,20160125,094029,100.650000000,200
AAPL,0,20160125,094031,100.650000000,100
AAPL,0,20160125,094031,100.650000000,100
AAPL,0,20160125,094031,100.650000000,100
AAPL,0,20160125,094031,100.650000000,100
AAPL,0,20160125,094031,100.650000000,100
AAPL,0,20160125,094031,100.650000000,100
AAPL,0,20160125,094034,100.630000000,109
AAPL,0,20160125,094034,100.630000000,155
AAPL,0,20160125,094034,100.610000000,100
AAPL,0,20160125,094034,100.600000000,150
AAPL,0,20160125,094034,100.610000000,100
AAPL,0,20160125,094034,100.610000000,100
AAPL,0,20160125,094034,100.610000000,100
AAPL,0,20160125,094035,100.600000000,200
AAPL,0,20160125,094035,100.600000000,150
AAPL,0,20160125,094035,100.600000000,100
AAPL,0,20160125,094038,100.570000000,100
AAPL,0,20160125,094038,100.570000000,100
AAPL,0,20160125,094038,100.570000000,100
AAPL,0,20160125,094038,100.570000000,100
AAPL,0,20160125,094038,100.570000000,100
AAPL,0,20160125,094039,100.560000000,100
AAPL,0,20160125,094040,100.560000000,100
AAPL,0,20160125,094040,100.570000000,100
AAPL,0,20160125,094040,100.570000000,100
AAPL,0,20160125,094040,100.570000000,100
AAPL,0,20160125,094041,100.580000000,100
AAPL,0,20160125,094041,100.580000000,100
AAPL,0,20160125,094041,100.590000000,200
AAPL,0,20160125,094041,100.590000000,100
AAPL,0,20160125,094041,100.600000000,100
AAPL,0,20160125,094041,100.610000000,100
AAPL,0,20160125,094041,100.610000000,100
AAPL,0,20160125,094042,100.600000000,140
AAPL,0,20160125,094042,100.600000000,100
AAPL,0,20160125,094042,100.570000000,100
AAPL,0,20160125,094042,100.580000000,100
AAPL,0,20160125,094042,100.580000000,100
AAPL,0,20160125,094042,100.590000000,200
AAPL,0,20160125,094042,100.590000000,100
AAPL,0,20160125,094042,100.590000000,100
AAPL,0,20160125,094042,100.590000000,100
AAPL,0,20160125,094042,100.590000000,100
AAPL,0,20160125,094043,100.590000000,100
AAPL,0,20160125,094043,100.590000000,100
AAPL,0,20160125,094043,100.600000000,100
AAPL,0,20160125,094043,100.600000000,100
AAPL,0,20160125,094044,100.600000000,100
AAPL,0,20160125,094044,100.620000000,100
AAPL,0,20160125,094044,100.630000000,100
AAPL,0,20160125,094045,100.630000000,200
AAPL,0,20160125,094045,100.640000000,100
AAPL,0,20160125,094045,100.650000000,100
AAPL,0,20160125,094045,100.640000000,100
AAPL,0,20160125,094046,100.610000000,100
AAPL,0,20160125,094046,100.610000000,100
AAPL,0,20160125,094046,100.610000000,1000
AAPL,0,20160125,094046,100.620000000,100
AAPL,0,20160125,094046,100.630000000,200
AAPL,0,20160125,094046,100.630000000,100
AAPL,0,20160125,094046,100.640000000,100
AAPL,0,20160125,094046,100.640000000,100
AAPL,0,20160125,094046,100.650000000,100
AAPL,0,20160125,094046,100.650000000,100
AAPL,0,20160125,094046,100.660000000,100
AAPL,0,20160125,094046,100.660000000,100
AAPL,0,20160125,094046,100.650000000,100
AAPL,0,20160125,094046,100.670000000,100
AAPL,0,20160125,094046,100.670000000,100
AAPL,0,20160125,094046,100.670000000,300
AAPL,0,20160125,094046,100.680000000,100
AAPL,0,20160125,094046,100.680000000,100
AAPL,0,20160125,094046,100.670000000,100
AAPL,0,20160125,094046,100.670000000,100
AAPL,0,20160125,094046,100.690000000,100
AAPL,0,20160125,094046,100.690000000,100
AAPL,0,20160125,094046,100.690000000,100
AAPL,0,20160125,094046,100.700000000,100
AAPL,0,20160125,094046,100.700000000,100
AAPL,0,20160125,094046,100.700000000,100
AAPL,0,20160125,094046,100.700000000,100
AAPL,0,20160125,094046,100.700000000,100
AAPL,0,20160125,094047,100.700000000,100
AAPL,0,20160125,094047,100.700000000,200
AAPL,0,20160125,094048,100.700000000,100
AAPL,0,20160125,094048,100.690000000,100
AAPL,0,20160125,094048,100.690000000,100
AAPL,0,20160125,094048,100.695000000,100
AAPL,0,20160125,094049,100.690000000,100
AAPL,0,20160125,094049,100.690000000,100
AAPL,0,20160125,094049,100.690000000,100
AAPL,0,20160125,094049,100.710000000,100
AAPL,0,20160125,094052,100.700000000,100
AAPL,0,20160125,094052,100.700000000,100
AAPL,0,20160125,094052,100.690000000,100
AAPL,0,20160125,094052,100.690000000,100
AAPL,0,20160125,094052,100.700000000,200
AAPL,0,20160125,094052,100.700000000,100
AAPL,0,20160125,094052,100.700000000,100
AAPL,0,20160125,094052,100.700000000,100
AAPL,0,20160125,094052,100.700000000,100
AAPL,0,20160125,094055,100.710000000,100
AAPL,0,20160125,094055,100.700000000,100
AAPL,0,20160125,094055,100.700000000,100
AAPL,0,20160125,094055,100.700000000,100
AAPL,0,20160125,094056,100.700000000,200
AAPL,0,20160125,094057,100.710000000,100
AAPL,0,20160125,094057,100.710000000,100
AAPL,0,20160125,094057,100.710000000,100
AAPL,0,20160125,094057,100.740000000,100
AAPL,0,20160125,094058,100.730000000,100
AAPL,0,20160125,094058,100.710000000,100
AAPL,0,20160125,094100,100.730000000,200
AAPL,0,20160125,094100,100.730000000,100
AAPL,0,20160125,094100,100.730000000,100
AAPL,0,20160125,094100,100.730000000,100
AAPL,0,20160125,094100,100.730000000,100
AAPL,0,20160125,094101,100.740000000,100
AAPL,0,20160125,094101,100.760000000,100
AAPL,0,20160125,094102,100.760000000,430
AAPL,0,20160125,094103,100.760000000,200
AAPL,0,20160125,094103,100.760000000,100
AAPL,0,20160125,094103,100.760000000,200
AAPL,0,20160125,094103,100.760000000,200
AAPL,0,20160125,094103,100.760000000,100
AAPL,0,20160125,094103,100.770000000,100
AAPL,0,20160125,094103,100.770000000,100
AAPL,0,20160125,094104,100.760000000,100
AAPL,0,20160125,094104,100.760000000,100
AAPL,0,20160125,094104,100.760000000,100
AAPL,0,20160125,094104,100.760000000,100
AAPL,0,20160125,094104,100.760000000,100
AAPL,0,20160125,094105,100.760000000,100
AAPL,0,20160125,094105,100.760000000,300
AAPL,0,20160125,094105,100.770000000,100
AAPL,0,20160125,094106,100.790000000,100
AAPL,0,20160125,094106,100.790000000,100
AAPL,0,20160125,094107,100.770000000,455
AAPL,0,20160125,094107,100.770000000,100
AAPL,0,20160125,094107,100.760000000,100
AAPL,0,20160125,094107,100.740000000,100
AAPL,0,20160125,094108,100.720000000,100
AAPL,0,20160125,094110,100.720000000,100
AAPL,0,20160125,094110,100.720000000,100
AAPL,0,20160125,094111,100.720000000,100
AAPL,0,20160125,094111,100.730000000,100
AAPL,0,20160125,094113,100.720000000,100
AAPL,0,20160125,094113,100.720000000,100
AAPL,0,20160125,094113,100.720000000,100
AAPL,0,20160125,094113,100.720000000,100
AAPL,0,20160125,094113,100.720000000,100
AAPL,0,20160125,094114,100.710000000,100
AAPL,0,20160125,094114,100.720000000,100
AAPL,0,20160125,094117,100.700000000,400
AAPL,0,20160125,094117,100.700000000,100
AAPL,0,20160125,094117,100.700000000,100
AAPL,0,20160125,094117,100.700000000,100
AAPL,0,20160125,094117,100.700000000,100
AAPL,0,20160125,094117,100.700000000,100
AAPL,0,20160125,094117,100.710000000,100
AAPL,0,20160125,094117,100.710000000,100
AAPL,0,20160125,094118,100.710000000,200
AAPL,0,20160125,094118,100.710000000,100
AAPL,0,20160125,094118,100.700000000,100
AAPL,0,20160125,094119,100.720000000,300
AAPL,0,20160125,094119,100.720000000,100
AAPL,0,20160125,094119,100.720000000,100
AAPL,0,20160125,094119,100.720000000,100
AAPL,0,20160125,094119,100.720000000,100
AAPL,0,20160125,094119,100.720000000,100
AAPL,0,20160125,094119,100.710000000,100
AAPL,0,20160125,094119,100.710000000,100
AAPL,0,20160125,094119,100.710000000,100
AAPL,0,20160125,094119,100.710000000,100
AAPL,0,20160125,094119,100.700000000,100
AAPL,0,20160125,094121,100.720000000,100
AAPL,0,20160125,094121,100.720000000,100
AAPL,0,20160125,094125,100.780000000,100
AAPL,0,20160125,094126,100.780000000,100
AAPL,0,20160125,094126,100.780000000,100
AAPL,0,20160125,094128,100.790000000,100
AAPL,0,20160125,094129,100.770000000,100
AAPL,0,20160125,094129,100.770000000,200
AAPL,0,20160125,094129,100.770000000,100
AAPL,0,20160125,094129,100.760000000,154
AAPL,0,20160125,094129,100.760000000,100
AAPL,0,20160125,094129,100.760000000,646
AAPL,0,20160125,094131,100.770000000,100
AAPL,0,20160125,094131,100.770000000,100
AAPL,0,20160125,094135,100.730000000,100
AAPL,0,20160125,094137,100.700000000,100
AAPL,0,20160125,094137,100.710000000,100
AAPL,0,20160125,094138,100.710000000,100
AAPL,0,20160125,094138,100.720000000,100
AAPL,0,20160125,094138,100.720000000,100
AAPL,0,20160125,094140,100.730000000,100
AAPL,0,20160125,094140,100.730000000,100
AAPL,0,20160125,094141,100.750000000,100
AAPL,0,20160125,094141,100.750000000,100
AAPL,0,20160125,094141,100.750000000,100
AAPL,0,20160125,094141,100.750000000,100
AAPL,0,20160125,094143,100.750000000,100
AAPL,0,20160125,094143,100.750000000,500
AAPL,0,20160125,094143,100.750000000,100
AAPL,0,20160125,094143,100.750000000,100
AAPL,0,20160125,094143,100.750000000,100
AAPL,0,20160125,094144,100.750000000,100
AAPL,0,20160125,094145,100.720000000,100
AAPL,0,20160125,094146,100.730000000,100
AAPL,0,20160125,094146,100.740000000,100
AAPL,0,20160125,094149,100.710000000,100
AAPL,0,20160125,094149,100.710000000,100
AAPL,0,20160125,094151,100.720000000,100
AAPL,0,20160125,094151,100.720000000,100
AAPL,0,20160125,094151,100.720000000,100
AAPL,0,20160125,094152,100.750000000,100
AAPL,0,20160125,094153,100.760000000,100
AAPL,0,20160125,094153,100.760000000,600
AAPL,0,20160125,094153,100.780000000,100
AAPL,0,20160125,094153,100.760000000,200
AAPL,0,20160125,094153,100.710000000,115
AAPL,0,20160125,094153,100.720000000,200
AAPL,0,20160125,094153,100.720000000,100
AAPL,0,20160125,094154,100.750000000,100
AAPL,0,20160125,094154,100.750000000,100
AAPL,0,20160125,094155,100.760000000,100
AAPL,0,20160125,094155,100.740000000,100
AAPL,0,20160125,094156,100.730000000,100
AAPL,0,20160125,094156,100.730000000,200
AAPL,0,20160125,094156,100.730000000,100
AAPL,0,20160125,094157,100.730000000,100
AAPL,0,20160125,094157,100.730000000,200
AAPL,0,20160125,094157,100.730000000,100
AAPL,0,20160125,094157,100.730000000,100
AAPL,0,20160125,094157,100.730000000,100
AAPL,0,20160125,094157,100.720000000,100
AAPL,0,20160125,094157,100.720000000,100
AAPL,0,20160125,094157,100.740000000,100
AAPL,0,20160125,094157,100.740000000,100
AAPL,0,20160125,094200,100.760000000,100
AAPL,0,20160125,094200,100.760000000,100
AAPL,0,20160125,094200,100.760000000,100
AAPL,0,20160125,094200,100.760000000,100
AAPL,0,20160125,094200,100.760000000,500
AAPL,0,20160125,094200,100.760000000,165
AAPL,0,20160125,094200,100.770000000,200
AAPL,0,20160125,094200,100.780000000,100
AAPL,0,20160125,094200,100.780000000,100
AAPL,0,20160125,094200,100.770000000,100
AAPL,0,20160125,094200,100.770000000,200
AAPL,0,20160125,094202,100.800000000,100
AAPL,0,20160125,094203,100.810000000,200
AAPL,0,20160125,094203,100.810000000,100
AAPL,0,20160125,094203,100.810000000,100
AAPL,0,20160125,094203,100.810000000,100
AAPL,0,20160125,094205,100.810000000,100
AAPL,0,20160125,094205,100.790000000,100
AAPL,0,20160125,094206,100.780000000,600
AAPL,0,20160125,094208,100.770000000,100
AAPL,0,20160125,094208,100.770000000,100
AAPL,0,20160125,094208,100.770000000,100
AAPL,0,20160125,094208,100.770000000,100
AAPL,0,20160125,094211,100.760000000,100
AAPL,0,20160125,094211,100.770000000,100
AAPL,0,20160125,094211,100.770000000,100
AAPL,0,20160125,094211,100.770000000,100
AAPL,0,20160125,094211,100.770000000,100
AAPL,0,20160125,094211,100.770000000,100
AAPL,0,20160125,094211,100.760000000,100
AAPL,0,20160125,094213,100.750000000,100
AAPL,0,20160125,094213,100.750000000,100
AAPL,0,20160125,094215,100.770000000,100
AAPL,0,20160125,094215,100.770000000,100
AAPL,0,20160125,094215,100.770000000,100
AAPL,0,20160125,094215,100.780000000,100
AAPL,0,20160125,094216,100.790000000,100
AAPL,0,20160125,094217,100.770000000,100
AAPL,0,20160125,094217,100.750000000,100
AAPL,0,20160125,094218,100.700000000,100
AAPL,0,20160125,094218,100.700000000,100
AAPL,0,20160125,094219,100.685000000,100
AAPL,0,20160125,094219,100.700000000,100
AAPL,0,20160125,094220,100.685000000,300
AAPL,0,20160125,094220,100.685000000,100
AAPL,0,20160125,094220,100.670000000,100
AAPL,0,20160125,094220,100.670000000,100
AAPL,0,20160125,094224,100.690000000,100
AAPL,0,20160125,094224,100.690000000,100
AAPL,0,20160125,094224,100.690000000,100
AAPL,0,20160125,094224,100.700000000,100
AAPL,0,20160125,094224,100.700000000,100
AAPL,0,20160125,094224,100.700000000,100
AAPL,0,20160125,094225,100.720000000,100
AAPL,0,20160125,094226,100.700000000,100
AAPL,0,20160125,094226,100.700000000,100
AAPL,0,20160125,094226,100.680000000,100
AAPL,0,20160125,094227,100.680000000,200
AAPL,0,20160125,094227,100.650000000,100
AAPL,0,20160125,094227,100.660000000,100
AAPL,0,20160125,094227,100.650000000,100
AAPL,0,20160125,094228,100.650000000,100
AAPL,0,20160125,094229,100.650000000,100
AAPL,0,20160125,094229,100.650000000,100
AAPL,0,20160125,094230,100.640000000,100
AAPL,0,20160125,094230,100.640000000,100
AAPL,0,20160125,094230,100.640000000,100
AAPL,0,20160125,094232,100.640000000,100
AAPL,0,20160125,094232,100.650000000,100
AAPL,0,20160125,094232,100.650000000,100
AAPL,0,20160125,094233,100.640000000,100
AAPL,0,20160125,094233,100.650000000,100
AAPL,0,20160125,094233,100.650000000,100
AAPL,0,20160125,094236,100.660000000,500
AAPL,0,20160125,094236,100.660000000,100
AAPL,0,20160125,094236,100.660000000,100
AAPL,0,20160125,094236,100.660000000,100
AAPL,0,20160125,094236,100.660000000,125
AAPL,0,20160125,094236,100.660000000,125
AAPL,0,20160125,094236,100.660000000,200
AAPL,0,20160125,094236,100.660000000,100
AAPL,0,20160125,094236,100.660000000,197
AAPL,0,20160125,094239,100.670000000,100
AAPL,0,20160125,094239,100.670000000,100
AAPL,0,20160125,094240,100.650000000,100
AAPL,0,20160125,094240,100.650000000,100
AAPL,0,20160125,094241,100.680000000,100
AAPL,0,20160125,094241,100.700000000,100
AAPL,0,20160125,094242,100.690000000,100
AAPL,0,20160125,094242,100.690000000,100
AAPL,0,20160125,094242,100.690000000,100
AAPL,0,20160125,094244,100.660000000,100
AAPL,0,20160125,094244,100.660000000,100
AAPL,0,20160125,094245,100.670000000,100
AAPL,0,20160125,094250,100.650000000,100
AAPL,0,20160125,094251,100.660000000,100
AAPL,0,20160125,094251,100.670000000,100
AAPL,0,20160125,094254,100.660000000,100
AAPL,0,20160125,094254,100.660000000,100
AAPL,0,20160125,094255,100.620000000,100
AAPL,0,20160125,094255,100.620000000,100
AAPL,0,20160125,094255,100.630000000,100
AAPL,0,20160125,094255,100.630000000,100
AAPL,0,20160125,094255,100.630000000,100
AAPL,0,20160125,094255,100.640000000,200
AAPL,0,20160125,094255,100.640000000,100
AAPL,0,20160125,094255,100.650000000,100
AAPL,0,20160125,094255,100.650000000,100
AAPL,0,20160125,094255,100.650000000,100
AAPL,0,20160125,094255,100.650000000,100
AAPL,0,20160125,094256,100.650000000,100
AAPL,0,20160125,094256,100.650000000,100
AAPL,0,20160125,094258,100.650000000,100
AAPL,0,20160125,094258,100.650000000,100
AAPL,0,20160125,094258,100.650000000,100
AAPL,0,20160125,094258,100.640000000,100
AAPL,0,20160125,094300,100.650000000,100
AAPL,0,20160125,094300,100.650000000,100
AAPL,0,20160125,094300,100.650000000,100
AAPL,0,20160125,094300,100.650000000,100
AAPL,0,20160125,094300,100.640000000,100
AAPL,0,20160125,094300,100.630000000,100
AAPL,0,20160125,094300,100.650000000,100
AAPL,0,20160125,094300,100.650000000,100
AAPL,0,20160125,094301,100.640000000,100
AAPL,0,20160125,094301,100.640000000,100
AAPL,0,20160125,094302,100.610000000,100
AAPL,0,20160125,094302,100.610000000,100
AAPL,0,20160125,094303,100.590000000,600
AAPL,0,20160125,094303,100.590000000,100
AAPL,0,20160125,094303,100.610000000,100
AAPL,0,20160125,094303,100.610000000,100
AAPL,0,20160125,094303,100.620000000,100
AAPL,0,20160125,094303,100.620000000,100
AAPL,0,20160125,094303,100.630000000,100
AAPL,0,20160125,094303,100.660000000,100
AAPL,0,20160125,094303,100.640000000,100
AAPL,0,20160125,094303,100.620000000,100
AAPL,0,20160125,094304,100.600000000,100
AAPL,0,20160125,094305,100.590000000,100
AAPL,0,20160125,094305,100.580000000,100
AAPL,0,20160125,094305,100.570000000,100
AAPL,0,20160125,094305,100.570000000,100
AAPL,0,20160125,094306,100.550000000,100
AAPL,0,20160125,094306,100.540000000,100
AAPL,0,20160125,094306,100.540000000,100
AAPL,0,20160125,094308,100.560000000,100
AAPL,0,20160125,094309,100.570000000,100
AAPL,0,20160125,094309,100.570000000,100
AAPL,0,20160125,094311,100.580000000,100
AAPL,0,20160125,094311,100.580000000,100
AAPL,0,20160125,094312,100.610000000,100
AAPL,0,20160125,094312,100.610000000,100
AAPL,0,20160125,094313,100.630000000,100
AAPL,0,20160125,094313,100.630000000,100
AAPL,0,20160125,094313,100.630000000,100
AAPL,0,20160125,094315,100.600000000,100
AAPL,0,20160125,094316,100.570000000,100
AAPL,0,20160125,094322,100.540000000,100
AAPL,0,20160125,094322,100.540000000,100
AAPL,0,20160125,094323,100.540000000,100
AAPL,0,20160125,094324,100.520000000,100
AAPL,0,20160125,094324,100.520000000,100
AAPL,0,20160125,094324,100.500000000,100
AAPL,0,20160125,094324,100.500000000,100
AAPL,0,20160125,094324,100.490000000,100
AAPL,0,20160125,094324,100.490000000,160
AAPL,0,20160125,094324,100.490000000,100
AAPL,0,20160125,094324,100.500000000,100
AAPL,0,20160125,094324,100.500000000,100
AAPL,0,20160125,094324,100.500000000,100
AAPL,0,20160125,094324,100.500000000,100
AAPL,0,20160125,094325,100.480000000,100
AAPL,0,20160125,094325,100.490000000,100
AAPL,0,20160125,094325,100.490000000,100
AAPL,0,20160125,094325,100.490000000,100
AAPL,0,20160125,094325,100.490000000,100
AAPL,0,20160125,094325,100.480000000,100
AAPL,0,20160125,094325,100.470000000,100
AAPL,0,20160125,094325,100.480000000,100
AAPL,0,20160125,094325,100.480000000,100
AAPL,0,20160125,094325,100.470000000,200
AAPL,0,20160125,094326,100.460000000,100
AAPL,0,20160125,094327,100.470000000,100
AAPL,0,20160125,094327,100.450000000,100
AAPL,0,20160125,094327,100.450000000,100
AAPL,0,20160125,094328,100.420000000,100
AAPL,0,20160125,094328,100.400000000,1000
AAPL,0,20160125,094328,100.400000000,250
AAPL,0,20160125,094328,100.390000000,100
AAPL,0,20160125,094328,100.400000000,100
AAPL,0,20160125,094328,100.400000000,100
AAPL,0,20160125,094328,100.400000000,100
AAPL,0,20160125,094329,100.410000000,100
AAPL,0,20160125,094330,100.410000000,100
AAPL,0,20160125,094330,100.420000000,100
AAPL,0,20160125,094330,100.420000000,100
AAPL,0,20160125,094330,100.420000000,100
AAPL,0,20160125,094330,100.420000000,100
AAPL,0,20160125,094330,100.430000000,100
AAPL,0,20160125,094330,100.420000000,100
AAPL,0,20160125,094331,100.415000000,100
AAPL,0,20160125,094332,100.400000000,100
AAPL,0,20160125,094332,100.400000000,100
AAPL,0,20160125,094332,100.410000000,100
AAPL,0,20160125,094337,100.405000000,300
AAPL,0,20160125,094337,100.405000000,100
AAPL,0,20160125,094337,100.405000000,300
AAPL,0,20160125,094337,100.405000000,112
AAPL,0,20160125,094337,100.410000000,100
AAPL,0,20160125,094338,100.430000000,100
AAPL,0,20160125,094338,100.435000000,100
AAPL,0,20160125,094338,100.435000000,600
AAPL,0,20160125,094338,100.440000000,100
AAPL,0,20160125,094339,100.470000000,100
AAPL,0,20160125,094339,100.470000000,100
AAPL,0,20160125,094343,100.440000000,200
AAPL,0,20160125,094347,100.430000000,100
AAPL,0,20160125,094347,100.420000000,100
AAPL,0,20160125,094347,100.430000000,100
AAPL,0,20160125,094349,100.400000000,100
AAPL,0,20160125,094349,100.400000000,300
AAPL,0,20160125,094349,100.400000000,100
AAPL,0,20160125,094350,100.370000000,200
AAPL,0,20160125,094350,100.370000000,200
AAPL,0,20160125,094351,100.380000000,100
AAPL,0,20160125,094351,100.380000000,100
AAPL,0,20160125,094352,100.380000000,100
AAPL,0,20160125,094353,100.390000000,100
AAPL,0,20160125,094354,100.380000000,100
AAPL,0,20160125,094356,100.380000000,100
AAPL,0,20160125,094356,100.390000000,100
AAPL,0,20160125,094356,100.390000000,100
AAPL,0,20160125,094356,100.390000000,100
AAPL,0,20160125,094357,100.400000000,100
AAPL,0,20160125,094357,100.400000000,100
AAPL,0,20160125,094357,100.410000000,100
AAPL,0,20160125,094402,100.390000000,100
AAPL,0,20160125,094402,100.380000000,100
AAPL,0,20160125,094403,100.370000000,100
AAPL,0,20160125,094403,100.370000000,400
AAPL,0,20160125,094405,100.360000000,100
AAPL,0,20160125,094405,100.355000000,100
AAPL,0,20160125,094405,100.350000000,100
AAPL,0,20160125,094406,100.330000000,100
AAPL,0,20160125,094406,100.330000000,100
AAPL,0,20160125,094406,100.330000000,200
AAPL,0,20160125,094406,100.320000000,100
AAPL,0,20160125,094406,100.320000000,100
AAPL,0,20160125,094407,100.330000000,100
AAPL,0,20160125,094407,100.340000000,100
AAPL,0,20160125,094407,100.340000000,100
AAPL,0,20160125,094407,100.340000000,100
AAPL,0,20160125,094407,100.340000000,100
AAPL,0,20160125,094407,100.360000000,100
AAPL,0,20160125,094410,100.410000000,100
AAPL,0,20160125,094410,100.410000000,100
AAPL,0,20160125,094410,100.410000000,100
AAPL,0,20160125,094410,100.410000000,100
AAPL,0,20160125,094410,100.420000000,100
AAPL,0,20160125,094410,100.410000000,100
AAPL,0,20160125,094412,100.390000000,100
AAPL,0,20160125,094413,100.380000000,100
AAPL,0,20160125,094413,100.380000000,100
AAPL,0,20160125,094413,100.380000000,100
AAPL,0,20160125,094413,100.370000000,100
AAPL,0,20160125,094414,100.370000000,100
AAPL,0,20160125,094414,100.370000000,100
AAPL,0,20160125,094414,100.370000000,100
AAPL,0,20160125,094414,100.390000000,100
AAPL,0,20160125,094414,100.390000000,100
AAPL,0,20160125,094414,100.380000000,100
AAPL,0,20160125,094414,100.370000000,100
AAPL,0,20160125,094414,100.370000000,100
AAPL,0,20160125,094415,100.380000000,100
AAPL,0,20160125,094415,100.400000000,100
AAPL,0,20160125,094415,100.400000000,100
AAPL,0,20160125,094415,100.400000000,200
AAPL,0,20160125,094415,100.400000000,100
AAPL,0,20160125,094416,100.390000000,100
AAPL,0,20160125,094417,100.380000000,100
AAPL,0,20160125,094417,100.380000000,100
AAPL,0,20160125,094417,100.380000000,100
AAPL,0,20160125,094417,100.390000000,200
AAPL,0,20160125,094417,100.390000000,100
AAPL,0,20160125,094419,100.400000000,100
AAPL,0,20160125,094419,100.370000000,200
AAPL,0,20160125,094419,100.360000000,100
AAPL,0,20160125,094420,100.370000000,100
AAPL,0,20160125,094420,100.390000000,100
AAPL,0,20160125,094420,100.390000000,100
AAPL,0,20160125,094420,100.350000000,100
AAPL,0,20160125,094421,100.370000000,200
AAPL,0,20160125,094421,100.370000000,100
AAPL,0,20160125,094421,100.390000000,100
AAPL,0,20160125,094421,100.390000000,100
AAPL,0,20160125,094421,100.390000000,100
AAPL,0,20160125,094422,100.360000000,100
AAPL,0,20160125,094422,100.360000000,100
AAPL,0,20160125,094422,100.370000000,100
AAPL,0,20160125,094422,100.370000000,100
AAPL,0,20160125,094422,100.390000000,200
AAPL,0,20160125,094422,100.390000000,100
AAPL,0,20160125,094422,100.390000000,100
AAPL,0,20160125,094422,100.390000000,100
AAPL,0,20160125,094423,100.380000000,100
AAPL,0,20160125,094423,100.380000000,100
AAPL,0,20160125,094423,100.380000000,100
AAPL,0,20160125,094423,100.380000000,100
AAPL,0,20160125,094424,100.400000000,100
AAPL,0,20160125,094424,100.400000000,100
AAPL,0,20160125,094424,100.400000000,100
AAPL,0,20160125,094424,100.400000000,100
AAPL,0,20160125,094427,100.410000000,100
AAPL,0,20160125,094428,100.410000000,100
AAPL,0,20160125,094428,100.400000000,100
AAPL,0,20160125,094428,100.400000000,100
AAPL,0,20160125,094428,100.400000000,100
AAPL,0,20160125,094428,100.390000000,100
AAPL,0,20160125,094429,100.410000000,100
AAPL,0,20160125,094430,100.430000000,100
AAPL,0,20160125,094433,100.400000000,100
AAPL,0,20160125,094433,100.400000000,100
AAPL,0,20160125,094433,100.400000000,100
AAPL,0,20160125,094433,100.390000000,200
AAPL,0,20160125,094433,100.390000000,100
AAPL,0,20160125,094435,100.400000000,100
AAPL,0,20160125,094435,100.400000000,100
AAPL,0,20160125,094436,100.380000000,100
AAPL,0,20160125,094436,100.390000000,100
AAPL,0,20160125,094437,100.390000000,100
AAPL,0,20160125,094437,100.390000000,100
AAPL,0,20160125,094438,100.390000000,100
AAPL,0,20160125,094440,100.400000000,100
AAPL,0,20160125,094442,100.390000000,100
AAPL,0,20160125,094445,100.390000000,100
AAPL,0,20160125,094445,100.380000000,100
AAPL,0,20160125,094446,100.370000000,100
AAPL,0,20160125,094448,100.370000000,100
AAPL,0,20160125,094448,100.370000000,100
AAPL,0,20160125,094448,100.370000000,100
AAPL,0,20160125,094448,100.370000000,100
AAPL,0,20160125,094448,100.370000000,100
AAPL,0,20160125,094449,100.380000000,100
AAPL,0,20160125,094451,100.370000000,100
AAPL,0,20160125,094451,100.370000000,100
AAPL,0,20160125,094451,100.390000000,100
AAPL,0,20160125,094451,100.380000000,150
AAPL,0,20160125,094452,100.390000000,100
AAPL,0,20160125,094452,100.390000000,100
AAPL,0,20160125,094452,100.390000000,100
AAPL,0,20160125,094452,100.390000000,100
AAPL,0,20160125,094452,100.390000000,100
AAPL,0,20160125,094452,100.390000000,100
AAPL,0,20160125,094453,100.410000000,100
AAPL,0,20160125,094453,100.410000000,100
AAPL,0,20160125,094454,100.430000000,100
AAPL,0,20160125,094455,100.450000000,100
AAPL,0,20160125,094455,100.450000000,100
AAPL,0,20160125,094455,100.450000000,100
AAPL,0,20160125,094456,100.440000000,100
AAPL,0,20160125,094458,100.440000000,100
AAPL,0,20160125,094458,100.440000000,451
AAPL,0,20160125,094459,100.450000000,100
AAPL,0,20160125,094459,100.450000000,100
AAPL,0,20160125,094500,100.470000000,490
AAPL,0,20160125,094500,100.470000000,510
AAPL,0,20160125,094500,100.470000000,100
AAPL,0,20160125,094501,100.470000000,100
AAPL,0,20160125,094502,100.460000000,100
AAPL,0,20160125,094503,100.450000000,200
AAPL,0,20160125,094503,100.450000000,100
AAPL,0,20160125,094503,100.450000000,100
AAPL,0,20160125,094504,100.440000000,300
AAPL,0,20160125,094504,100.430000000,100
AAPL,0,20160125,094504,100.430000000,100
AAPL,0,20160125,094504,100.430000000,200
AAPL,0,20160125,094504,100.410000000,100
AAPL,0,20160125,094505,100.420000000,100
AAPL,0,20160125,094508,100.420000000,100
AAPL,0,20160125,094508,100.420000000,100
AAPL,0,20160125,094508,100.420000000,100
AAPL,0,20160125,094508,100.420000000,100
AAPL,0,20160125,094512,100.390000000,100
AAPL,0,20160125,094515,100.380000000,100
AAPL,0,20160125,094516,100.390000000,100
AAPL,0,20160125,094516,100.390000000,100
AAPL,0,20160125,094516,100.390000000,100
AAPL,0,20160125,094516,100.390000000,100
AAPL,0,20160125,094518,100.390000000,100
AAPL,0,20160125,094521,100.390000000,100
AAPL,0,20160125,094521,100.390000000,100
AAPL,0,20160125,094522,100.400000000,100
AAPL,0,20160125,094524,100.430000000,100
AAPL,0,20160125,094525,100.430000000,300
AAPL,0,20160125,094525,100.430000000,100
AAPL,0,20160125,094527,100.430000000,100
AAPL,0,20160125,094532,100.395000000,100
AAPL,0,20160125,094532,100.400000000,100
AAPL,0,20160125,094532,100.400000000,100
AAPL,0,20160125,094532,100.400000000,100
AAPL,0,20160125,094533,100.410000000,100
AAPL,0,20160125,094533,100.410000000,100
AAPL,0,20160125,094533,100.420000000,100
AAPL,0,20160125,094533,100.420000000,100
AAPL,0,20160125,094535,100.420000000,100
AAPL,0,20160125,094538,100.400000000,100
AAPL,0,20160125,094539,100.400000000,100
AAPL,0,20160125,094540,100.410000000,200
AAPL,0,20160125,094540,100.410000000,100
AAPL,0,20160125,094540,100.410000000,100
AAPL,0,20160125,094540,100.410000000,100
AAPL,0,20160125,094540,100.410000000,100
AAPL,0,20160125,094540,100.410000000,100
AAPL,0,20160125,094542,100.460000000,100
AAPL,0,20160125,094542,100.460000000,100
AAPL,0,20160125,094542,100.460000000,100
AAPL,0,20160125,094542,100.460000000,300
AAPL,0,20160125,094542,100.460000000,190
AAPL,0,20160125,094542,100.460000000,100
AAPL,0,20160125,094543,100.480000000,100
AAPL,0,20160125,094544,100.470000000,100
AAPL,0,20160125,094545,100.455000000,100
AAPL,0,20160125,094546,100.440000000,100
AAPL,0,20160125,094548,100.440000000,100
AAPL,0,20160125,094548,100.420000000,100
AAPL,0,20160125,094549,100.420000000,100
AAPL,0,20160125,094550,100.415000000,100
AAPL,0,20160125,094550,100.400000000,100
AAPL,0,20160125,094550,100.400000000,200
AAPL,0,20160125,094551,100.410000000,100
AAPL,0,20160125,094551,100.410000000,100
AAPL,0,20160125,094552,100.400000000,256
AAPL,0,20160125,094552,100.410000000,100
AAPL,0,20160125,094553,100.420000000,100
AAPL,0,20160125,094553,100.420000000,100
AAPL,0,20160125,094553,100.420000000,100
AAPL,0,20160125,094553,100.420000000,100
AAPL,0,20160125,094553,100.430000000,100
AAPL,0,20160125,094554,100.445000000,100
AAPL,0,20160125,094555,100.440000000,100
AAPL,0,20160125,094555,100.440000000,100
AAPL,0,20160125,094556,100.400000000,100
AAPL,0,20160125,094557,100.400000000,100
AAPL,0,20160125,094558,100.410000000,100
AAPL,0,20160125,094558,100.410000000,100
AAPL,0,20160125,094558,100.410000000,100
AAPL,0,20160125,094558,100.410000000,100
AAPL,0,20160125,094559,100.415000000,100
AAPL,0,20160125,094559,100.410000000,100
AAPL,0,20160125,094601,100.415000000,100
AAPL,0,20160125,094605,100.400000000,100
AAPL,0,20160125,094605,100.400000000,100
AAPL,0,20160125,094605,100.400000000,100
AAPL,0,20160125,094605,100.400000000,100
AAPL,0,20160125,094605,100.390000000,100
AAPL,0,20160125,094606,100.390000000,100
AAPL,0,20160125,094606,100.390000000,100
AAPL,0,20160125,094606,100.400000000,200
AAPL,0,20160125,094606,100.400000000,100
AAPL,0,20160125,094607,100.400000000,229
AAPL,0,20160125,094607,100.400000000,200
AAPL,0,20160125,094609,100.390000000,200
AAPL,0,20160125,094610,100.400000000,100
AAPL,0,20160125,094610,100.400000000,100
AAPL,0,20160125,094610,100.400000000,100
AAPL,0,20160125,094612,100.410000000,100
AAPL,0,20160125,094612,100.420000000,100
AAPL,0,20160125,094612,100.420000000,100
AAPL,0,20160125,094613,100.430000000,100
AAPL,0,20160125,094614,100.400000000,100
AAPL,0,20160125,094614,100.400000000,100
AAPL,0,20160125,094614,100.395000000,175
AAPL,0,20160125,094614,100.385000000,200
AAPL,0,20160125,094614,100.385000000,100
AAPL,0,20160125,094614,100.385000000,100
AAPL,0,20160125,094614,100.385000000,200
AAPL,0,20160125,094614,100.390000000,295
AAPL,0,20160125,094614,100.390000000,100
AAPL,0,20160125,094615,100.350000000,100
AAPL,0,20160125,094615,100.355000000,600
AAPL,0,20160125,094615,100.355000000,200
AAPL,0,20160125,094615,100.355000000,100
AAPL,0,20160125,094615,100.360000000,100
AAPL,0,20160125,094615,100.360000000,100
AAPL,0,20160125,094615,100.360000000,100
AAPL,0,20160125,094615,100.360000000,100
AAPL,0,20160125,094615,100.360000000,100
AAPL,0,20160125,094615,100.370000000,100
AAPL,0,20160125,094615,100.370000000,100
AAPL,0,20160125,094615,100.370000000,200
AAPL,0,20160125,094615,100.370000000,200
AAPL,0,20160125,094615,100.370000000,100
AAPL,0,20160125,094615,100.380000000,100
AAPL,0,20160125,094615,100.380000000,100
AAPL,0,20160125,094619,100.340000000,100
AAPL,0,20160125,094620,100.330000000,100
AAPL,0,20160125,094620,100.330000000,100
AAPL,0,20160125,094620,100.330000000,100
AAPL,0,20160125,094620,100.330000000,100
AAPL,0,20160125,094621,100.310000000,100
AAPL,0,20160125,094621,100.300000000,100
AAPL,0,20160125,094621,100.300000000,500
AAPL,0,20160125,094621,100.290000000,100
AAPL,0,20160125,094621,100.290000000,100
AAPL,0,20160125,094621,100.275000000,100
AAPL,0,20160125,094621,100.285000000,200
AAPL,0,20160125,094622,100.270000000,100
AAPL,0,20160125,094622,100.270000000,100
AAPL,0,20160125,094624,100.260000000,100
AAPL,0,20160125,094624,100.260000000,100
AAPL,0,20160125,094624,100.275000000,130
AAPL,0,20160125,094624,100.270000000,100
AAPL,0,20160125,094624,100.265000000,170
AAPL,0,20160125,094624,100.270000000,100
AAPL,0,20160125,094624,100.280000000,100
AAPL,0,20160125,094624,100.280000000,100
AAPL,0,20160125,094624,100.280000000,100
AAPL,0,20160125,094625,100.280000000,100
AAPL,0,20160125,094626,100.260000000,100
AAPL,0,20160125,094627,100.270000000,100
AAPL,0,20160125,094627,100.290000000,100
AAPL,0,20160125,094629,100.325000000,100
AAPL,0,20160125,094635,100.280000000,100
AAPL,0,20160125,094635,100.280000000,100
AAPL,0,20160125,094635,100.280000000,100
AAPL,0,20160125,094635,100.280000000,100
AAPL,0,20160125,094635,100.270000000,100
AAPL,0,20160125,094635,100.270000000,100
AAPL,0,20160125,094635,100.270000000,100
AAPL,0,20160125,094635,100.280000000,100
AAPL,0,20160125,094635,100.280000000,100
AAPL,0,20160125,094636,100.290000000,100
AAPL,0,20160125,094637,100.290000000,100
AAPL,0,20160125,094638,100.270000000,200
AAPL,0,20160125,094638,100.270000000,100
AAPL,0,20160125,094639,100.265000000,100
AAPL,0,20160125,094639,100.270000000,100
AAPL,0,20160125,094640,100.265000000,100
AAPL,0,20160125,094641,100.265000000,100
AAPL,0,20160125,094641,100.260000000,100
AAPL,0,20160125,094642,100.260000000,100
AAPL,0,20160125,094643,100.270000000,100
AAPL,0,20160125,094643,100.270000000,100
AAPL,0,20160125,094643,100.270000000,100
AAPL,0,20160125,094643,100.260000000,100
AAPL,0,20160125,094644,100.280000000,100
AAPL,0,20160125,094644,100.280000000,100
AAPL,0,20160125,094644,100.290000000,100
AAPL,0,20160125,094644,100.290000000,100
AAPL,0,20160125,094644,100.290000000,100
AAPL,0,20160125,094644,100.290000000,100
AAPL,0,20160125,094644,100.300000000,100
AAPL,0,20160125,094644,100.300000000,100
AAPL,0,20160125,094644,100.310000000,100
AAPL,0,20160125,094644,100.310000000,100
AAPL,0,20160125,094644,100.310000000,100
AAPL,0,20160125,094644,100.320000000,100
AAPL,0,20160125,094645,100.290000000,100
AAPL,0,20160125,094645,100.290000000,100
AAPL,0,20160125,094647,100.270000000,100
AAPL,0,20160125,094647,100.270000000,100
AAPL,0,20160125,094648,100.280000000,100
AAPL,0,20160125,094650,100.270000000,100
AAPL,0,20160125,094651,100.270000000,100
AAPL,0,20160125,094651,100.250000000,680
AAPL,0,20160125,094651,100.250000000,100
AAPL,0,20160125,094653,100.250000000,100
AAPL,0,20160125,094653,100.250000000,100
AAPL,0,20160125,094653,100.250000000,100
AAPL,0,20160125,094654,100.250000000,100
AAPL,0,20160125,094655,100.250000000,100
AAPL,0,20160125,094656,100.260000000,100
AAPL,0,20160125,094658,100.250000000,100
AAPL,0,20160125,094658,100.240000000,441
AAPL,0,20160125,094658,100.240000000,168
AAPL,0,20160125,094658,100.240000000,100
AAPL,0,20160125,094658,100.240000000,291
AAPL,0,20160125,094701,100.200000000,100
AAPL,0,20160125,094701,100.200000000,173
AAPL,0,20160125,094704,100.200000000,100
AAPL,0,20160125,094704,100.200000000,100
AAPL,0,20160125,094705,100.175000000,100
AAPL,0,20160125,094705,100.180000000,100
AAPL,0,20160125,094705,100.180000000,100
AAPL,0,20160125,094705,100.180000000,200
AAPL,0,20160125,094705,100.170000000,100
AAPL,0,20160125,094705,100.160000000,460
AAPL,0,20160125,094705,100.160000000,100
AAPL,0,20160125,094705,100.160000000,100
AAPL,0,20160125,094705,100.140000000,100
AAPL,0,20160125,094705,100.140000000,100
AAPL,0,20160125,094705,100.130000000,100
AAPL,0,20160125,094705,100.130000000,200
AAPL,0,20160125,094705,100.130000000,100
AAPL,0,20160125,094705,100.130000000,100
AAPL,0,20160125,094705,100.130000000,300
AAPL,0,20160125,094705,100.130000000,600
AAPL,0,20160125,094705,100.130000000,100
AAPL,0,20160125,094705,100.130000000,100
AAPL,0,20160125,094705,100.140000000,100
AAPL,0,20160125,094705,100.150000000,100
AAPL,0,20160125,094705,100.150000000,100
AAPL,0,20160125,094705,100.150000000,100
AAPL,0,20160125,094705,100.150000000,100
AAPL,0,20160125,094705,100.160000000,100
AAPL,0,20160125,094705,100.160000000,100
AAPL,0,20160125,094705,100.170000000,100
AAPL,0,20160125,094705,100.170000000,100
AAPL,0,20160125,094705,100.170000000,100
AAPL,0,20160125,094705,100.170000000,100
AAPL,0,20160125,094705,100.180000000,100
AAPL,0,20160125,094705,100.180000000,100
AAPL,0,20160125,094705,100.180000000,100
AAPL,0,20160125,094705,100.180000000,100
AAPL,0,20160125,094705,100.180000000,100
AAPL,0,20160125,094705,100.190000000,100
AAPL,0,20160125,094705,100.190000000,100
AAPL,0,20160125,094705,100.190000000,100
AAPL,0,20160125,094705,100.200000000,100
AAPL,0,20160125,094705,100.200000000,100
AAPL,0,20160125,094705,100.200000000,100
AAPL,0,20160125,094705,100.200000000,100
AAPL,0,20160125,094705,100.200000000,100
AAPL,0,20160125,094705,100.200000000,200
AAPL,0,20160125,094705,100.200000000,100
AAPL,0,20160125,094706,100.190000000,100
AAPL,0,20160125,094706,100.210000000,100
AAPL,0,20160125,094706,100.210000000,100
AAPL,0,20160125,094709,100.260000000,100
AAPL,0,20160125,094709,100.250000000,100
AAPL,0,20160125,094709,100.230000000,100
AAPL,0,20160125,094712,100.200000000,100
AAPL,0,20160125,094712,100.200000000,100
AAPL,0,20160125,094714,100.190000000,100
AAPL,0,20160125,094714,100.200000000,100
AAPL,0,20160125,094714,100.200000000,1553
AAPL,0,20160125,094714,100.170000000,100
AAPL,0,20160125,094718,100.170000000,100
AAPL,0,20160125,094718,100.170000000,100
AAPL,0,20160125,094718,100.170000000,100
AAPL,0,20160125,094718,100.170000000,100
AAPL,0,20160125,094718,100.170000000,300
AAPL,0,20160125,094720,100.180000000,100
AAPL,0,20160125,094720,100.180000000,165
AAPL,0,20160125,094720,100.200000000,100
AAPL,0,20160125,094720,100.200000000,100
AAPL,0,20160125,094722,100.200000000,100
AAPL,0,20160125,094722,100.200000000,100
AAPL,0,20160125,094723,100.200000000,100
AAPL,0,20160125,094723,100.200000000,100
AAPL,0,20160125,094724,100.200000000,200
AAPL,0,20160125,094724,100.200000000,100
AAPL,0,20160125,094724,100.200000000,100
AAPL,0,20160125,094725,100.200000000,100
AAPL,0,20160125,094726,100.190000000,100
AAPL,0,20160125,094726,100.210000000,100
AAPL,0,20160125,094726,100.210000000,100
AAPL,0,20160125,094726,100.210000000,100
AAPL,0,20160125,094726,100.210000000,100
AAPL,0,20160125,094727,100.220000000,100
AAPL,0,20160125,094730,100.250000000,100
AAPL,0,20160125,094731,100.260000000,100
AAPL,0,20160125,094731,100.260000000,100
AAPL,0,20160125,094731,100.260000000,100
AAPL,0,20160125,094731,100.260000000,100
AAPL,0,20160125,094731,100.260000000,100
AAPL,0,20160125,094731,100.260000000,100
AAPL,0,20160125,094731,100.260000000,100
AAPL,0,20160125,094732,100.260000000,100
AAPL,0,20160125,094732,100.260000000,125
AAPL,0,20160125,094733,100.250000000,100
AAPL,0,20160125,094733,100.210000000,200
AAPL,0,20160125,094737,100.210000000,100
AAPL,0,20160125,094738,100.220000000,100
AAPL,0,20160125,094742,100.270000000,100
AAPL,0,20160125,094742,100.270000000,100
AAPL,0,20160125,094742,100.290000000,100
AAPL,0,20160125,094742,100.260000000,100
AAPL,0,20160125,094742,100.260000000,100
AAPL,0,20160125,094743,100.270000000,100
AAPL,0,20160125,094747,100.220000000,100
AAPL,0,20160125,094747,100.220000000,100
AAPL,0,20160125,094747,100.230000000,100
AAPL,0,20160125,094747,100.230000000,100
AAPL,0,20160125,094752,100.220000000,150
AAPL,0,20160125,094752,100.230000000,100
AAPL,0,20160125,094752,100.230000000,100
AAPL,0,20160125,094752,100.230000000,100
AAPL,0,20160125,094753,100.240000000,100
AAPL,0,20160125,094755,100.220000000,500
AAPL,0,20160125,094756,100.210000000,200
AAPL,0,20160125,094800,100.210000000,100
AAPL,0,20160125,094800,100.210000000,100
AAPL,0,20160125,094800,100.200000000,100
AAPL,0,20160125,094800,100.200000000,1100
AAPL,0,20160125,094800,100.190000000,100
