<TICKER>,<PER>,<DATE>,<TIME>,<LAST>,<VOL>
AAPL,0,20160126,093000,99.930000000,200
AAPL,0,20160126,093000,99.520000000,100
AAPL,0,20160126,093000,99.780000000,100
AAPL,0,20160126,093000,99.810000000,100
AAPL,0,20160126,093000,99.770000000,100
AAPL,0,20160126,093000,99.790000000,100
AAPL,0,20160126,093000,99.800000000,100
AAPL,0,20160126,093000,99.800000000,100
AAPL,0,20160126,093000,99.800000000,100
AAPL,0,20160126,093000,99.530000000,100
AAPL,0,20160126,093000,99.720000000,100
AAPL,0,20160126,093000,99.730000000,100
AAPL,0,20160126,093000,99.450000000,100
AAPL,0,20160126,093000,99.440000000,231
AAPL,0,20160126,093000,99.500000000,100
AAPL,0,20160126,093000,99.500000000,100
AAPL,0,20160126,093000,99.515000000,100
AAPL,0,20160126,093000,99.520000000,100
AAPL,0,20160126,093000,99.540000000,100
AAPL,0,20160126,093000,99.540000000,100
AAPL,0,20160126,093000,99.540000000,100
AAPL,0,20160126,093000,99.560000000,100
AAPL,0,20160126,093000,99.590000000,100
AAPL,0,20160126,093000,99.610000000,100
AAPL,0,20160126,093000,99.610000000,100
AAPL,0,20160126,093000,99.570000000,100
AAPL,0,20160126,093001,99.940000000,100
AAPL,0,20160126,093001,99.900000000,100
AAPL,0,20160126,093001,99.900000000,100
AAPL,0,20160126,093001,99.880000000,100
AAPL,0,20160126,093001,99.890000000,100
AAPL,0,20160126,093001,99.880000000,100
AAPL,0,20160126,093001,99.885000000,100
AAPL,0,20160126,093001,99.900000000,100
AAPL,0,20160126,093001,99.890000000,100
AAPL,0,20160126,093002,99.950000000,100
AAPL,0,20160126,093002,100.010000000,100
AAPL,0,20160126,093004,99.980000000,100
AAPL,0,20160126,093004,99.930000000,100
AAPL,0,20160126,093004,99.890000000,100
AAPL,0,20160126,093004,99.890000000,100
AAPL,0,20160126,093004,99.910000000,100
AAPL,0,20160126,093005,99.830000000,100
AAPL,0,20160126,093005,99.760000000,100
AAPL,0,20160126,093005,99.760000000,100
AAPL,0,20160126,093005,99.750000000,100
AAPL,0,20160126,093005,99.750000000,100
AAPL,0,20160126,093005,99.750000000,726
AAPL,0,20160126,093005,99.710000000,100
AAPL,0,20160126,093005,99.700000000,100
AAPL,0,20160126,093006,99.620000000,100
AAPL,0,20160126,093006,99.620000000,100
AAPL,0,20160126,093006,99.610000000,100
AAPL,0,20160126,093006,99.665000000,600
AAPL,0,20160126,093007,99.650000000,100
AAPL,0,20160126,093007,99.640000000,100
AAPL,0,20160126,093007,99.640000000,100
AAPL,0,20160126,093007,99.630000000,100
AAPL,0,20160126,093007,99.610000000,100
AAPL,0,20160126,093007,99.560000000,100
AAPL,0,20160126,093007,99.590000000,100
AAPL,0,20160126,093007,99.590000000,100
AAPL,0,20160126,093007,99.590000000,100
AAPL,0,20160126,093007,99.570000000,100
AAPL,0,20160126,093007,99.590000000,100
AAPL,0,20160126,093008,99.590000000,100
AAPL,0,20160126,093008,99.580000000,100
AAPL,0,20160126,093008,99.560000000,100
AAPL,0,20160126,093009,99.590000000,100
AAPL,0,20160126,093009,99.570000000,100
AAPL,0,20160126,093009,99.570000000,100
AAPL,0,20160126,093010,99.590000000,100
AAPL,0,20160126,093010,99.555000000,100
AAPL,0,20160126,093011,99.500000000,100
AAPL,0,20160126,093011,99.515000000,300
AAPL,0,20160126,093012,99.495000000,100
AAPL,0,20160126,093013,99.450000000,100
AAPL,0,20160126,093013,99.440000000,108
AAPL,0,20160126,093013,99.450000000,100
AAPL,0,20160126,093014,99.450000000,100
AAPL,0,20160126,093014,99.450000000,100
AAPL,0,20160126,093014,99.450000000,100
AAPL,0,20160126,093014,99.450000000,100
AAPL,0,20160126,093014,99.450000000,100
AAPL,0,20160126,093014,99.450000000,100
AAPL,0,20160126,093014,99.450000000,100
AAPL,0,20160126,093014,99.450000000,100
AAPL,0,20160126,093015,99.440000000,100
AAPL,0,20160126,093016,99.460000000,100
AAPL,0,20160126,093018,99.470000000,200
AAPL,0,20160126,093019,99.430000000,100
AAPL,0,20160126,093020,99.470000000,100
AAPL,0,20160126,093022,99.500000000,100
AAPL,0,20160126,093022,99.480000000,100
AAPL,0,20160126,093022,99.470000000,100
AAPL,0,20160126,093022,99.470000000,100
AAPL,0,20160126,093022,99.470000000,100
AAPL,0,20160126,093022,99.500000000,100
AAPL,0,20160126,093022,99.510000000,100
AAPL,0,20160126,093022,99.520000000,100
AAPL,0,20160126,093022,99.530000000,100
AAPL,0,20160126,093023,99.600000000,100
AAPL,0,20160126,093023,99.550000000,100
AAPL,0,20160126,093023,99.560000000,100
AAPL,0,20160126,093023,99.550000000,100
AAPL,0,20160126,093023,99.540000000,100
AAPL,0,20160126,093023,99.580000000,100
AAPL,0,20160126,093023,99.580000000,100
AAPL,0,20160126,093024,99.540000000,100
AAPL,0,20160126,093026,99.560000000,100
AAPL,0,20160126,093027,99.540000000,100
AAPL,0,20160126,093029,99.580000000,100
AAPL,0,20160126,093029,99.610000000,100
AAPL,0,20160126,093030,99.610000000,100
AAPL,0,20160126,093030,99.590000000,100
AAPL,0,20160126,093030,99.570000000,100
AAPL,0,20160126,093030,99.560000000,100
AAPL,0,20160126,093030,99.560000000,100
AAPL,0,20160126,093032,99.610000000,100
AAPL,0,20160126,093032,99.610000000,100
AAPL,0,20160126,093032,99.620000000,100
AAPL,0,20160126,093032,99.620000000,100
AAPL,0,20160126,093032,99.630000000,100
AAPL,0,20160126,093032,99.630000000,100
AAPL,0,20160126,093032,99.640000000,100
AAPL,0,20160126,093032,99.640000000,100
AAPL,0,20160126,093032,99.610000000,100
AAPL,0,20160126,093032,99.610000000,100
AAPL,0,20160126,093032,99.600000000,100
AAPL,0,20160126,093032,99.600000000,100
AAPL,0,20160126,093032,99.590000000,100
AAPL,0,20160126,093032,99.590000000,100
AAPL,0,20160126,093032,99.580000000,100
AAPL,0,20160126,093032,99.570000000,100
AAPL,0,20160126,093033,99.540000000,100
AAPL,0,20160126,093033,99.550000000,100
AAPL,0,20160126,093034,99.530000000,100
AAPL,0,20160126,093034,99.500000000,100
AAPL,0,20160126,093034,99.540000000,100
AAPL,0,20160126,093035,99.500000000,100
AAPL,0,20160126,093035,99.500000000,100
AAPL,0,20160126,093035,99.460000000,100
AAPL,0,20160126,093036,99.450000000,200
AAPL,0,20160126,093036,99.460000000,100
AAPL,0,20160126,093036,99.460000000,100
AAPL,0,20160126,093037,99.500000000,200
AAPL,0,20160126,093037,99.500000000,100
AAPL,0,20160126,093037,99.500000000,100
AAPL,0,20160126,093037,99.500000000,100
AAPL,0,20160126,093037,99.500000000,100
AAPL,0,20160126,093037,99.505000000,100
AAPL,0,20160126,093037,99.505000000,100
AAPL,0,20160126,093037,99.505000000,100
AAPL,0,20160126,093037,99.505000000,100
AAPL,0,20160126,093037,99.505000000,100
AAPL,0,20160126,093037,99.510000000,100
AAPL,0,20160126,093037,99.540000000,100
AAPL,0,20160126,093037,99.500000000,200
AAPL,0,20160126,093037,99.500000000,100
AAPL,0,20160126,093037,99.500000000,200
AAPL,0,20160126,093038,99.410000000,100
AAPL,0,20160126,093040,99.550000000,100
AAPL,0,20160126,093040,99.550000000,100
AAPL,0,20160126,093040,99.540000000,100
AAPL,0,20160126,093040,99.540000000,100
AAPL,0,20160126,093040,99.470000000,100
AAPL,0,20160126,093042,99.500000000,100
AAPL,0,20160126,093043,99.490000000,100
AAPL,0,20160126,093043,99.470000000,100
AAPL,0,20160126,093044,99.510000000,100
AAPL,0,20160126,093045,99.470000000,100
AAPL,0,20160126,093045,99.450000000,100
AAPL,0,20160126,093045,99.460000000,100
AAPL,0,20160126,093045,99.510000000,100
AAPL,0,20160126,093047,99.440000000,100
AAPL,0,20160126,093047,99.440000000,100
AAPL,0,20160126,093048,99.440000000,100
AAPL,0,20160126,093049,99.460000000,100
AAPL,0,20160126,093049,99.460000000,100
AAPL,0,20160126,093052,99.420000000,100
AAPL,0,20160126,093055,99.490000000,100
AAPL,0,20160126,093055,99.480000000,100
AAPL,0,20160126,093055,99.480000000,100
AAPL,0,20160126,093057,99.510000000,100
AAPL,0,20160126,093057,99.480000000,100
AAPL,0,20160126,093100,99.460000000,100
AAPL,0,20160126,093100,99.450000000,100
AAPL,0,20160126,093101,99.450000000,100
AAPL,0,20160126,093102,99.460000000,100
AAPL,0,20160126,093102,99.480000000,100
AAPL,0,20160126,093104,99.520000000,100
AAPL,0,20160126,093105,99.490000000,100
AAPL,0,20160126,093106,99.500000000,200
AAPL,0,20160126,093107,99.510000000,100
AAPL,0,20160126,093107,99.550000000,100
AAPL,0,20160126,093107,99.550000000,100
AAPL,0,20160126,093107,99.550000000,100
AAPL,0,20160126,093108,99.550000000,100
AAPL,0,20160126,093108,99.530000000,100
AAPL,0,20160126,093108,99.530000000,100
AAPL,0,20160126,093109,99.510000000,100
AAPL,0,20160126,093109,99.510000000,100
AAPL,0,20160126,093110,99.500000000,100
AAPL,0,20160126,093110,99.520000000,200
AAPL,0,20160126,093110,99.520000000,100
AAPL,0,20160126,093110,99.530000000,200
AAPL,0,20160126,093110,99.520000000,100
AAPL,0,20160126,093110,99.490000000,100
AAPL,0,20160126,093111,99.520000000,100
AAPL,0,20160126,093112,99.520000000,100
AAPL,0,20160126,093112,99.540000000,100
AAPL,0,20160126,093112,99.550000000,100
AAPL,0,20160126,093112,99.550000000,100
AAPL,0,20160126,093113,99.540000000,100
AAPL,0,20160126,093114,99.540000000,100
AAPL,0,20160126,093114,99.540000000,100
AAPL,0,20160126,093114,99.520000000,100
AAPL,0,20160126,093115,99.530000000,200
AAPL,0,20160126,093115,99.500000000,100
AAPL,0,20160126,093115,99.500000000,100
AAPL,0,20160126,093118,99.460000000,100
AAPL,0,20160126,093119,99.470000000,100
AAPL,0,20160126,093120,99.440000000,100
AAPL,0,20160126,093120,99.420000000,100
AAPL,0,20160126,093120,99.420000000,100
AAPL,0,20160126,093120,99.440000000,100
AAPL,0,20160126,093120,99.440000000,100
AAPL,0,20160126,093120,99.440000000,100
AAPL,0,20160126,093120,99.440000000,100
AAPL,0,20160126,093120,99.430000000,100
AAPL,0,20160126,093122,99.460000000,100
AAPL,0,20160126,093124,99.470000000,100
AAPL,0,20160126,093124,99.470000000,100
AAPL,0,20160126,093126,99.500000000,100
AAPL,0,20160126,093126,99.500000000,100
AAPL,0,20160126,093129,99.480000000,100
AAPL,0,20160126,093129,99.480000000,100
AAPL,0,20160126,093129,99.470000000,100
AAPL,0,20160126,093131,99.460000000,100
AAPL,0,20160126,093132,99.460000000,100
AAPL,0,20160126,093132,99.460000000,100
AAPL,0,20160126,093132,99.460000000,100
AAPL,0,20160126,093132,99.460000000,100
AAPL,0,20160126,093132,99.430000000,100
AAPL,0,20160126,093133,99.410000000,100
AAPL,0,20160126,093134,99.400000000,100
AAPL,0,20160126,093135,99.390000000,100
AAPL,0,20160126,093135,99.380000000,100
AAPL,0,20160126,093136,99.410000000,100
AAPL,0,20160126,093136,99.390000000,100
AAPL,0,20160126,093136,99.360000000,100
AAPL,0,20160126,093136,99.340000000,100
AAPL,0,20160126,093136,99.340000000,200
AAPL,0,20160126,093136,99.350000000,100
AAPL,0,20160126,093136,99.350000000,100
AAPL,0,20160126,093136,99.350000000,138
AAPL,0,20160126,093136,99.330000000,100
AAPL,0,20160126,093136,99.330000000,100
AAPL,0,20160126,093136,99.320000000,100
AAPL,0,20160126,093136,99.290000000,100
AAPL,0,20160126,093136,99.290000000,200
AAPL,0,20160126,093136,99.290000000,100
AAPL,0,20160126,093137,99.270000000,400
AAPL,0,20160126,093138,99.290000000,100
AAPL,0,20160126,093138,99.300000000,100
AAPL,0,20160126,093139,99.310000000,100
AAPL,0,20160126,093140,99.400000000,100
AAPL,0,20160126,093140,99.400000000,100
AAPL,0,20160126,093140,99.400000000,100
AAPL,0,20160126,093140,99.410000000,100
AAPL,0,20160126,093141,99.330000000,100
AAPL,0,20160126,093142,99.300000000,100
AAPL,0,20160126,093142,99.270000000,100
AAPL,0,20160126,093144,99.300000000,100
AAPL,0,20160126,093144,99.300000000,100
AAPL,0,20160126,093145,99.310000000,100
AAPL,0,20160126,093145,99.310000000,100
AAPL,0,20160126,093145,99.310000000,100
AAPL,0,20160126,093146,99.310000000,100
AAPL,0,20160126,093146,99.310000000,100
AAPL,0,20160126,093148,99.350000000,100
AAPL,0,20160126,093148,99.320000000,100
AAPL,0,20160126,093149,99.320000000,100
AAPL,0,20160126,093151,99.330000000,100
AAPL,0,20160126,093151,99.330000000,100
AAPL,0,20160126,093151,99.330000000,100
AAPL,0,20160126,093151,99.360000000,100
AAPL,0,20160126,093151,99.360000000,100
AAPL,0,20160126,093154,99.320000000,100
AAPL,0,20160126,093155,99.340000000,100
AAPL,0,20160126,093155,99.340000000,100
AAPL,0,20160126,093157,99.300000000,100
AAPL,0,20160126,093158,99.380000000,100
AAPL,0,20160126,093159,99.360000000,100
AAPL,0,20160126,093200,99.350000000,100
AAPL,0,20160126,093201,99.340000000,100
AAPL,0,20160126,093201,99.340000000,100
AAPL,0,20160126,093201,99.340000000,100
AAPL,0,20160126,093201,99.290000000,100
AAPL,0,20160126,093202,99.280000000,100
AAPL,0,20160126,093202,99.280000000,100
AAPL,0,20160126,093202,99.280000000,100
AAPL,0,20160126,093202,99.270000000,100
AAPL,0,20160126,093202,99.270000000,100
AAPL,0,20160126,093202,99.270000000,100
AAPL,0,20160126,093202,99.260000000,100
AAPL,0,20160126,093202,99.260000000,100
AAPL,0,20160126,093202,99.260000000,100
AAPL,0,20160126,093202,99.260000000,100
AAPL,0,20160126,093202,99.260000000,100
AAPL,0,20160126,093202,99.260000000,100
AAPL,0,20160126,093202,99.260000000,100
AAPL,0,20160126,093202,99.250000000,100
AAPL,0,20160126,093203,99.240000000,100
AAPL,0,20160126,093203,99.200000000,200
AAPL,0,20160126,093203,99.200000000,100
AAPL,0,20160126,093203,99.190000000,100
AAPL,0,20160126,093203,99.200000000,100
AAPL,0,20160126,093203,99.200000000,100
AAPL,0,20160126,093203,99.200000000,100
AAPL,0,20160126,093203,99.200000000,100
AAPL,0,20160126,093203,99.200000000,100
AAPL,0,20160126,093203,99.200000000,100
AAPL,0,20160126,093203,99.200000000,100
AAPL,0,20160126,093205,99.110000000,400
AAPL,0,20160126,093205,99.110000000,400
AAPL,0,20160126,093205,99.120000000,100
AAPL,0,20160126,093206,99.110000000,100
AAPL,0,20160126,093206,99.120000000,100
AAPL,0,20160126,093206,99.110000000,100
AAPL,0,20160126,093206,99.120000000,100
AAPL,0,20160126,093206,99.110000000,100
AAPL,0,20160126,093206,99.120000000,100
AAPL,0,20160126,093207,99.110000000,100
AAPL,0,20160126,093207,99.110000000,100
AAPL,0,20160126,093207,99.110000000,100
AAPL,0,20160126,093208,99.130000000,100
AAPL,0,20160126,093208,99.140000000,100
AAPL,0,20160126,093208,99.140000000,100
AAPL,0,20160126,093208,99.150000000,100
AAPL,0,20160126,093209,99.160000000,100
AAPL,0,20160126,093210,99.180000000,100
AAPL,0,20160126,093210,99.180000000,200
AAPL,0,20160126,093210,99.160000000,100
AAPL,0,20160126,093210,99.170000000,100
AAPL,0,20160126,093212,99.160000000,100
AAPL,0,20160126,093212,99.160000000,300
AAPL,0,20160126,093212,99.150000000,100
AAPL,0,20160126,093212,99.140000000,100
AAPL,0,20160126,093212,99.140000000,100
AAPL,0,20160126,093212,99.130000000,100
AAPL,0,20160126,093213,99.120000000,100
AAPL,0,20160126,093214,99.120000000,100
AAPL,0,20160126,093214,99.140000000,100
AAPL,0,20160126,093214,99.100000000,100
AAPL,0,20160126,093216,99.130000000,100
AAPL,0,20160126,093217,99.140000000,100
AAPL,0,20160126,093217,99.130000000,100
AAPL,0,20160126,093217,99.130000000,100
AAPL,0,20160126,093217,99.120000000,100
AAPL,0,20160126,093217,99.120000000,100
AAPL,0,20160126,093217,99.110000000,100
AAPL,0,20160126,093217,99.110000000,100
AAPL,0,20160126,093217,99.110000000,100
AAPL,0,20160126,093217,99.110000000,100
AAPL,0,20160126,093217,99.080000000,100
AAPL,0,20160126,093217,99.090000000,100
AAPL,0,20160126,093217,99.090000000,100
AAPL,0,20160126,093217,99.100000000,100
AAPL,0,20160126,093217,99.090000000,100
AAPL,0,20160126,093219,99.090000000,100
AAPL,0,20160126,093219,99.090000000,100
AAPL,0,20160126,093219,99.090000000,100
AAPL,0,20160126,093219,99.100000000,100
AAPL,0,20160126,093219,99.110000000,100
AAPL,0,20160126,093222,99.100000000,100
AAPL,0,20160126,093222,99.100000000,100
AAPL,0,20160126,093223,99.140000000,100
AAPL,0,20160126,093223,99.140000000,200
AAPL,0,20160126,093225,99.130000000,100
AAPL,0,20160126,093225,99.140000000,100
AAPL,0,20160126,093225,99.150000000,100
AAPL,0,20160126,093225,99.150000000,100
AAPL,0,20160126,093225,99.140000000,100
AAPL,0,20160126,093225,99.160000000,100
AAPL,0,20160126,093225,99.170000000,100
AAPL,0,20160126,093225,99.200000000,100
AAPL,0,20160126,093225,99.200000000,100
AAPL,0,20160126,093225,99.180000000,100
AAPL,0,20160126,093225,99.200000000,100
AAPL,0,20160126,093225,99.200000000,100
AAPL,0,20160126,093226,99.170000000,100
AAPL,0,20160126,093226,99.160000000,100
AAPL,0,20160126,093226,99.130000000,100
AAPL,0,20160126,093226,99.130000000,1200
AAPL,0,20160126,093227,99.110000000,100
AAPL,0,20160126,093227,99.110000000,100
AAPL,0,20160126,093227,99.140000000,100
AAPL,0,20160126,093227,99.130000000,100
AAPL,0,20160126,093227,99.130000000,100
AAPL,0,20160126,093228,99.130000000,100
AAPL,0,20160126,093230,99.130000000,100
AAPL,0,20160126,093230,99.140000000,200
AAPL,0,20160126,093230,99.140000000,100
AAPL,0,20160126,093230,99.130000000,100
AAPL,0,20160126,093230,99.130000000,100
AAPL,0,20160126,093233,99.130000000,100
AAPL,0,20160126,093233,99.130000000,100
AAPL,0,20160126,093234,99.130000000,100
AAPL,0,20160126,093236,99.130000000,300
AAPL,0,20160126,093236,99.120000000,100
AAPL,0,20160126,093237,99.110000000,100
AAPL,0,20160126,093239,99.120000000,100
AAPL,0,20160126,093239,99.120000000,100
AAPL,0,20160126,093239,99.110000000,100
AAPL,0,20160126,093239,99.110000000,100
AAPL,0,20160126,093239,99.110000000,100
AAPL,0,20160126,093239,99.110000000,100
AAPL,0,20160126,093239,99.120000000,100
AAPL,0,20160126,093240,99.130000000,100
AAPL,0,20160126,093240,99.135000000,100
AAPL,0,20160126,093242,99.135000000,184
AAPL,0,20160126,093243,99.135000000,194
AAPL,0,20160126,093243,99.135000000,100
AAPL,0,20160126,093243,99.135000000,100
AAPL,0,20160126,093243,99.135000000,194
AAPL,0,20160126,093243,99.135000000,194
AAPL,0,20160126,093243,99.135000000,100
AAPL,0,20160126,093243,99.130000000,100
AAPL,0,20160126,093243,99.130000000,100
AAPL,0,20160126,093243,99.140000000,100
AAPL,0,20160126,093245,99.160000000,100
AAPL,0,20160126,093246,99.170000000,100
AAPL,0,20160126,093247,99.180000000,100
AAPL,0,20160126,093249,99.170000000,100
AAPL,0,20160126,093249,99.160000000,100
AAPL,0,20160126,093249,99.150000000,100
AAPL,0,20160126,093249,99.150000000,100
AAPL,0,20160126,093249,99.150000000,100
AAPL,0,20160126,093250,99.140000000,100
AAPL,0,20160126,093250,99.150000000,100
AAPL,0,20160126,093251,99.180000000,100
AAPL,0,20160126,093251,99.180000000,100
AAPL,0,20160126,093252,99.190000000,200
AAPL,0,20160126,093252,99.190000000,100
AAPL,0,20160126,093257,99.110000000,100
AAPL,0,20160126,093257,99.110000000,200
AAPL,0,20160126,093258,99.100000000,100
AAPL,0,20160126,093258,99.100000000,200
AAPL,0,20160126,093258,99.100000000,100
AAPL,0,20160126,093258,99.100000000,100
AAPL,0,20160126,093259,99.090000000,100
AAPL,0,20160126,093259,99.090000000,100
AAPL,0,20160126,093300,99.050000000,100
AAPL,0,20160126,093300,99.050000000,200
AAPL,0,20160126,093300,99.050000000,100
AAPL,0,20160126,093302,99.060000000,184
AAPL,0,20160126,093302,99.060000000,100
AAPL,0,20160126,093302,99.070000000,200
AAPL,0,20160126,093302,99.080000000,100
AAPL,0,20160126,093304,99.060000000,100
AAPL,0,20160126,093304,99.050000000,100
AAPL,0,20160126,093304,99.030000000,100
AAPL,0,20160126,093304,99.020000000,100
AAPL,0,20160126,093304,99.020000000,100
AAPL,0,20160126,093304,99.020000000,100
AAPL,0,20160126,093304,99.010000000,100
AAPL,0,20160126,093304,99.020000000,100
AAPL,0,20160126,093304,99.010000000,100
AAPL,0,20160126,093304,99.000000000,300
AAPL,0,20160126,093304,99.000000000,100
AAPL,0,20160126,093304,99.000000000,100
AAPL,0,20160126,093304,99.010000000,100
AAPL,0,20160126,093304,98.980000000,100
AAPL,0,20160126,093304,99.010000000,100
AAPL,0,20160126,093305,99.040000000,100
AAPL,0,20160126,093305,99.050000000,100
AAPL,0,20160126,093305,99.050000000,100
AAPL,0,20160126,093305,99.050000000,100
AAPL,0,20160126,093306,99.040000000,100
AAPL,0,20160126,093306,99.030000000,100
AAPL,0,20160126,093306,99.010000000,100
AAPL,0,20160126,093306,98.990000000,100
AAPL,0,20160126,093306,98.970000000,100
AAPL,0,20160126,093306,98.960000000,100
AAPL,0,20160126,093307,99.000000000,100
AAPL,0,20160126,093307,99.000000000,100
AAPL,0,20160126,093307,98.970000000,100
AAPL,0,20160126,093308,98.980000000,100
AAPL,0,20160126,093308,99.000000000,100
AAPL,0,20160126,093308,99.010000000,100
AAPL,0,20160126,093308,99.020000000,100
AAPL,0,20160126,093308,98.990000000,100
AAPL,0,20160126,093308,98.980000000,100
AAPL,0,20160126,093308,98.960000000,100
AAPL,0,20160126,093308,99.000000000,100
AAPL,0,20160126,093308,99.000000000,100
AAPL,0,20160126,093308,99.000000000,100
AAPL,0,20160126,093308,98.990000000,100
AAPL,0,20160126,093308,98.980000000,100
AAPL,0,20160126,093308,98.970000000,100
AAPL,0,20160126,093308,98.970000000,100
AAPL,0,20160126,093308,98.960000000,100
AAPL,0,20160126,093308,98.950000000,100
AAPL,0,20160126,093309,98.960000000,100
AAPL,0,20160126,093311,98.970000000,100
AAPL,0,20160126,093311,98.970000000,100
AAPL,0,20160126,093311,98.980000000,100
AAPL,0,20160126,093311,98.990000000,100
AAPL,0,20160126,093311,98.990000000,100
AAPL,0,20160126,093311,98.990000000,100
AAPL,0,20160126,093311,99.000000000,100
AAPL,0,20160126,093311,99.010000000,100
AAPL,0,20160126,093311,98.970000000,100
AAPL,0,20160126,093311,98.960000000,100
AAPL,0,20160126,093311,98.970000000,100
AAPL,0,20160126,093311,98.970000000,100
AAPL,0,20160126,093311,98.950000000,100
AAPL,0,20160126,093312,98.940000000,200
AAPL,0,20160126,093313,98.910000000,100
AAPL,0,20160126,093313,98.860000000,400
AAPL,0,20160126,093313,98.860000000,100
AAPL,0,20160126,093314,98.850000000,100
AAPL,0,20160126,093314,98.850000000,100
AAPL,0,20160126,093314,98.850000000,100
AAPL,0,20160126,093314,98.840000000,100
AAPL,0,20160126,093314,98.840000000,100
AAPL,0,20160126,093314,98.840000000,100
AAPL,0,20160126,093314,98.830000000,400
AAPL,0,20160126,093314,98.830000000,100
AAPL,0,20160126,093314,98.830000000,100
AAPL,0,20160126,093314,98.840000000,100
AAPL,0,20160126,093315,98.850000000,100
AAPL,0,20160126,093315,98.850000000,400
AAPL,0,20160126,093315,98.860000000,100
AAPL,0,20160126,093315,98.860000000,100
AAPL,0,20160126,093317,98.890000000,100
AAPL,0,20160126,093317,98.890000000,100
AAPL,0,20160126,093317,98.900000000,100
AAPL,0,20160126,093317,98.890000000,100
AAPL,0,20160126,093317,98.890000000,100
AAPL,0,20160126,093317,98.890000000,100
AAPL,0,20160126,093319,98.930000000,100
AAPL,0,20160126,093319,98.920000000,100
AAPL,0,20160126,093319,98.930000000,100
AAPL,0,20160126,093321,98.940000000,100
AAPL,0,20160126,093321,98.940000000,100
AAPL,0,20160126,093325,98.970000000,100
AAPL,0,20160126,093326,98.960000000,183
AAPL,0,20160126,093327,98.990000000,100
AAPL,0,20160126,093327,99.000000000,100
AAPL,0,20160126,093327,99.000000000,300
AAPL,0,20160126,093327,98.960000000,100
AAPL,0,20160126,093327,98.950000000,100
AAPL,0,20160126,093327,98.960000000,100
AAPL,0,20160126,093328,98.920000000,100
AAPL,0,20160126,093328,98.910000000,100
AAPL,0,20160126,093328,98.910000000,100
AAPL,0,20160126,093328,98.900000000,100
AAPL,0,20160126,093328,98.900000000,100
AAPL,0,20160126,093328,98.900000000,100
AAPL,0,20160126,093328,98.900000000,100
AAPL,0,20160126,093328,98.900000000,100
AAPL,0,20160126,093328,98.900000000,100
AAPL,0,20160126,093328,98.900000000,100
AAPL,0,20160126,093328,98.900000000,100
AAPL,0,20160126,093328,98.900000000,100
AAPL,0,20160126,093328,98.900000000,100
AAPL,0,20160126,093331,98.890000000,100
AAPL,0,20160126,093331,98.890000000,100
AAPL,0,20160126,093333,98.850000000,100
AAPL,0,20160126,093333,98.870000000,100
AAPL,0,20160126,093334,98.870000000,100
AAPL,0,20160126,093335,98.880000000,100
AAPL,0,20160126,093335,98.880000000,100
AAPL,0,20160126,093335,98.880000000,100
AAPL,0,20160126,093335,98.880000000,100
AAPL,0,20160126,093335,98.840000000,100
AAPL,0,20160126,093335,98.840000000,100
AAPL,0,20160126,093335,98.830000000,500
AAPL,0,20160126,093336,98.870000000,100
AAPL,0,20160126,093337,98.840000000,100
AAPL,0,20160126,093338,98.830000000,100
AAPL,0,20160126,093338,98.830000000,100
AAPL,0,20160126,093339,98.830000000,200
AAPL,0,20160126,093339,98.830000000,100
AAPL,0,20160126,093339,98.820000000,100
AAPL,0,20160126,093339,98.820000000,100
AAPL,0,20160126,093339,98.820000000,200
AAPL,0,20160126,093340,98.800000000,100
AAPL,0,20160126,093340,98.810000000,100
AAPL,0,20160126,093340,98.780000000,100
AAPL,0,20160126,093340,98.780000000,100
AAPL,0,20160126,093341,98.830000000,100
AAPL,0,20160126,093341,98.850000000,100
AAPL,0,20160126,093341,98.820000000,100
AAPL,0,20160126,093341,98.780000000,100
AAPL,0,20160126,093341,98.810000000,100
AAPL,0,20160126,093341,98.810000000,100
AAPL,0,20160126,093342,98.810000000,100
AAPL,0,20160126,093342,98.760000000,200
AAPL,0,20160126,093342,98.760000000,100
AAPL,0,20160126,093343,98.760000000,100
AAPL,0,20160126,093343,98.760000000,431
AAPL,0,20160126,093343,98.760000000,100
AAPL,0,20160126,093343,98.760000000,200
AAPL,0,20160126,093343,98.740000000,100
AAPL,0,20160126,093343,98.720000000,100
AAPL,0,20160126,093343,98.720000000,100
AAPL,0,20160126,093343,98.690000000,100
AAPL,0,20160126,093343,98.690000000,100
AAPL,0,20160126,093343,98.690000000,100
AAPL,0,20160126,093345,98.710000000,100
AAPL,0,20160126,093345,98.710000000,100
AAPL,0,20160126,093345,98.700000000,100
AAPL,0,20160126,093345,98.700000000,200
AAPL,0,20160126,093346,98.730000000,100
AAPL,0,20160126,093346,98.750000000,250
AAPL,0,20160126,093346,98.790000000,100
AAPL,0,20160126,093346,98.800000000,100
AAPL,0,20160126,093347,98.760000000,100
AAPL,0,20160126,093348,98.780000000,100
AAPL,0,20160126,093348,98.790000000,100
AAPL,0,20160126,093348,98.730000000,100
AAPL,0,20160126,093348,98.720000000,100
AAPL,0,20160126,093348,98.730000000,100
AAPL,0,20160126,093348,98.720000000,100
AAPL,0,20160126,093348,98.770000000,100
AAPL,0,20160126,093348,98.800000000,100
AAPL,0,20160126,093348,98.820000000,100
AAPL,0,20160126,093348,98.830000000,100
AAPL,0,20160126,093348,98.870000000,100
AAPL,0,20160126,093348,98.870000000,100
AAPL,0,20160126,093348,98.860000000,100
AAPL,0,20160126,093348,98.860000000,100
AAPL,0,20160126,093349,98.880000000,100
AAPL,0,20160126,093349,98.875000000,787
AAPL,0,20160126,093349,98.950000000,100
AAPL,0,20160126,093349,98.940000000,100
AAPL,0,20160126,093349,98.940000000,200
AAPL,0,20160126,093349,98.940000000,487
AAPL,0,20160126,093350,98.950000000,100
AAPL,0,20160126,093351,98.920000000,100
AAPL,0,20160126,093352,98.895000000,200
AAPL,0,20160126,093352,98.895000000,100
AAPL,0,20160126,093352,98.895000000,100
AAPL,0,20160126,093352,98.895000000,300
AAPL,0,20160126,093354,98.970000000,100
AAPL,0,20160126,093354,98.980000000,100
AAPL,0,20160126,093354,98.980000000,100
AAPL,0,20160126,093355,98.980000000,100
AAPL,0,20160126,093355,98.980000000,630
AAPL,0,20160126,093355,98.980000000,300
AAPL,0,20160126,093356,98.960000000,100
AAPL,0,20160126,093357,98.960000000,485
AAPL,0,20160126,093357,98.990000000,100
AAPL,0,20160126,093357,99.000000000,100
AAPL,0,20160126,093357,99.000000000,100
AAPL,0,20160126,093357,99.020000000,100
AAPL,0,20160126,093357,99.000000000,100
AAPL,0,20160126,093358,98.980000000,200
AAPL,0,20160126,093403,98.910000000,100
AAPL,0,20160126,093404,98.920000000,100
AAPL,0,20160126,093404,98.990000000,100
AAPL,0,20160126,093404,98.990000000,100
AAPL,0,20160126,093404,98.990000000,100
AAPL,0,20160126,093404,98.990000000,100
AAPL,0,20160126,093404,98.990000000,100
AAPL,0,20160126,093405,98.990000000,100
AAPL,0,20160126,093408,98.950000000,100
AAPL,0,20160126,093409,98.960000000,100
AAPL,0,20160126,093409,98.970000000,100
AAPL,0,20160126,093409,98.970000000,100
AAPL,0,20160126,093410,99.000000000,100
AAPL,0,20160126,093410,99.020000000,100
AAPL,0,20160126,093410,99.020000000,100
AAPL,0,20160126,093410,99.020000000,100
AAPL,0,20160126,093410,99.040000000,100
AAPL,0,20160126,093412,99.040000000,400
AAPL,0,20160126,093412,99.020000000,100
AAPL,0,20160126,093412,99.020000000,100
AAPL,0,20160126,093412,99.040000000,100
AAPL,0,20160126,093412,99.030000000,100
AAPL,0,20160126,093413,99.040000000,100
AAPL,0,20160126,093413,99.040000000,100
AAPL,0,20160126,093414,99.060000000,100
AAPL,0,20160126,093414,99.020000000,200
AAPL,0,20160126,093414,99.020000000,200
AAPL,0,20160126,093414,99.020000000,100
AAPL,0,20160126,093414,99.010000000,100
AAPL,0,20160126,093415,99.030000000,100
AAPL,0,20160126,093415,99.030000000,100
AAPL,0,20160126,093416,99.040000000,100
AAPL,0,20160126,093416,99.040000000,100
AAPL,0,20160126,093416,99.030000000,100
AAPL,0,20160126,093416,99.030000000,100
AAPL,0,20160126,093418,99.060000000,100
AAPL,0,20160126,093418,99.060000000,100
AAPL,0,20160126,093418,99.060000000,100
AAPL,0,20160126,093418,99.080000000,300
AAPL,0,20160126,093418,99.060000000,100
AAPL,0,20160126,093418,99.060000000,100
AAPL,0,20160126,093418,99.050000000,100
AAPL,0,20160126,093418,99.010000000,100
AAPL,0,20160126,093418,99.010000000,100
AAPL,0,20160126,093418,99.010000000,100
AAPL,0,20160126,093418,99.010000000,100
AAPL,0,20160126,093418,99.000000000,100
AAPL,0,20160126,093418,99.010000000,100
AAPL,0,20160126,093418,98.980000000,100
AAPL,0,20160126,093418,98.980000000,100
AAPL,0,20160126,093418,98.990000000,100
AAPL,0,20160126,093418,99.000000000,100
AAPL,0,20160126,093418,99.010000000,100
AAPL,0,20160126,093421,99.080000000,100
AAPL,0,20160126,093421,99.080000000,100
AAPL,0,20160126,093421,99.070000000,100
AAPL,0,20160126,093421,99.070000000,300
AAPL,0,20160126,093421,99.080000000,100
AAPL,0,20160126,093421,99.100000000,100
AAPL,0,20160126,093421,99.120000000,100
AAPL,0,20160126,093421,99.100000000,100
AAPL,0,20160126,093421,99.110000000,100
AAPL,0,20160126,093422,99.120000000,200
AAPL,0,20160126,093422,99.090000000,200
AAPL,0,20160126,093422,99.090000000,100
AAPL,0,20160126,093422,99.100000000,100
AAPL,0,20160126,093422,99.090000000,100
AAPL,0,20160126,093423,99.120000000,212
AAPL,0,20160126,093423,99.120000000,100
AAPL,0,20160126,093424,99.170000000,100
AAPL,0,20160126,093425,99.170000000,100
AAPL,0,20160126,093425,99.170000000,100
AAPL,0,20160126,093426,99.140000000,100
AAPL,0,20160126,093427,99.160000000,100
AAPL,0,20160126,093427,99.150000000,100
AAPL,0,20160126,093427,99.140000000,100
AAPL,0,20160126,093428,99.150000000,100
AAPL,0,20160126,093429,99.160000000,100
AAPL,0,20160126,093429,99.160000000,100
AAPL,0,20160126,093429,99.160000000,100
AAPL,0,20160126,093430,99.120000000,100
AAPL,0,20160126,093431,99.150000000,200
AAPL,0,20160126,093431,99.150000000,100
AAPL,0,20160126,093433,99.170000000,200
AAPL,0,20160126,093433,99.170000000,251
AAPL,0,20160126,093433,99.170000000,100
AAPL,0,20160126,093437,99.170000000,157
AAPL,0,20160126,093442,99.160000000,200
AAPL,0,20160126,093442,99.150000000,100
AAPL,0,20160126,093442,99.130000000,100
AAPL,0,20160126,093442,99.110000000,100
AAPL,0,20160126,093442,99.110000000,100
AAPL,0,20160126,093442,99.110000000,100
AAPL,0,20160126,093442,99.090000000,100
AAPL,0,20160126,093442,99.110000000,100
AAPL,0,20160126,093442,99.100000000,100
AAPL,0,20160126,093442,99.110000000,100
AAPL,0,20160126,093442,99.060000000,100
AAPL,0,20160126,093442,99.100000000,200
AAPL,0,20160126,093442,99.090000000,100
AAPL,0,20160126,093443,99.090000000,100
AAPL,0,20160126,093444,99.090000000,200
AAPL,0,20160126,093444,99.110000000,100
AAPL,0,20160126,093444,99.110000000,100
AAPL,0,20160126,093444,99.100000000,100
AAPL,0,20160126,093444,99.100000000,100
AAPL,0,20160126,093444,99.100000000,100
AAPL,0,20160126,093444,99.100000000,100
AAPL,0,20160126,093445,99.090000000,100
AAPL,0,20160126,093445,99.100000000,100
AAPL,0,20160126,093445,99.110000000,100
AAPL,0,20160126,093445,99.130000000,100
AAPL,0,20160126,093446,99.130000000,100
AAPL,0,20160126,093446,99.160000000,100
AAPL,0,20160126,093446,99.180000000,100
AAPL,0,20160126,093446,99.180000000,100
AAPL,0,20160126,093446,99.190000000,100
AAPL,0,20160126,093446,99.190000000,100
AAPL,0,20160126,093446,99.190000000,100
AAPL,0,20160126,093449,99.210000000,100
AAPL,0,20160126,093451,99.220000000,100
AAPL,0,20160126,093452,99.250000000,100
AAPL,0,20160126,093453,99.220000000,400
AAPL,0,20160126,093454,99.220000000,100
AAPL,0,20160126,093454,99.220000000,400
AAPL,0,20160126,093454,99.220000000,100
AAPL,0,20160126,093454,99.230000000,100
AAPL,0,20160126,093454,99.230000000,100
AAPL,0,20160126,093454,99.230000000,100
AAPL,0,20160126,093455,99.250000000,100
AAPL,0,20160126,093455,99.250000000,100
AAPL,0,20160126,093455,99.260000000,100
AAPL,0,20160126,093455,99.260000000,327
AAPL,0,20160126,093455,99.260000000,100
AAPL,0,20160126,093459,99.210000000,100
AAPL,0,20160126,093459,99.160000000,100
AAPL,0,20160126,093459,99.160000000,100
AAPL,0,20160126,093459,99.160000000,200
AAPL,0,20160126,093459,99.160000000,100
AAPL,0,20160126,093459,99.160000000,100
AAPL,0,20160126,093459,99.160000000,100
AAPL,0,20160126,093459,99.160000000,100
AAPL,0,20160126,093500,99.210000000,100
AAPL,0,20160126,093504,99.200000000,100
AAPL,0,20160126,093504,99.200000000,200
AAPL,0,20160126,093504,99.190000000,100
AAPL,0,20160126,093504,99.200000000,100
AAPL,0,20160126,093509,99.210000000,100
AAPL,0,20160126,093510,99.210000000,500
AAPL,0,20160126,093510,99.210000000,100
AAPL,0,20160126,093510,99.210000000,100
AAPL,0,20160126,093510,99.210000000,300
AAPL,0,20160126,093511,99.240000000,100
AAPL,0,20160126,093511,99.240000000,100
AAPL,0,20160126,093511,99.240000000,100
AAPL,0,20160126,093511,99.230000000,100
AAPL,0,20160126,093511,99.230000000,100
AAPL,0,20160126,093511,99.230000000,100
AAPL,0,20160126,093511,99.230000000,100
AAPL,0,20160126,093512,99.250000000,100
AAPL,0,20160126,093514,99.260000000,100
AAPL,0,20160126,093514,99.260000000,100
AAPL,0,20160126,093514,99.260000000,100
AAPL,0,20160126,093514,99.260000000,500
AAPL,0,20160126,093514,99.270000000,950
AAPL,0,20160126,093514,99.280000000,100
AAPL,0,20160126,093515,99.300000000,500
AAPL,0,20160126,093515,99.300000000,100
AAPL,0,20160126,093515,99.290000000,100
AAPL,0,20160126,093516,99.260000000,100
AAPL,0,20160126,093516,99.260000000,100
AAPL,0,20160126,093520,99.260000000,100
AAPL,0,20160126,093520,99.260000000,100
AAPL,0,20160126,093520,99.260000000,100
AAPL,0,20160126,093520,99.260000000,269
AAPL,0,20160126,093520,99.280000000,100
AAPL,0,20160126,093521,99.310000000,200
AAPL,0,20160126,093521,99.310000000,800
AAPL,0,20160126,093521,99.320000000,100
AAPL,0,20160126,093526,99.310000000,100
AAPL,0,20160126,093526,99.310000000,100
AAPL,0,20160126,093526,99.310000000,100
AAPL,0,20160126,093526,99.310000000,100
AAPL,0,20160126,093526,99.310000000,100
AAPL,0,20160126,093527,99.310000000,100
AAPL,0,20160126,093527,99.330000000,100
AAPL,0,20160126,093527,99.330000000,100
AAPL,0,20160126,093527,99.330000000,100
AAPL,0,20160126,093528,99.330000000,100
AAPL,0,20160126,093528,99.320000000,100
AAPL,0,20160126,093534,99.320000000,100
AAPL,0,20160126,093535,99.300000000,100
AAPL,0,20160126,093535,99.300000000,100
AAPL,0,20160126,093535,99.300000000,100
AAPL,0,20160126,093535,99.300000000,100
AAPL,0,20160126,093536,99.280000000,100
AAPL,0,20160126,093537,99.260000000,200
AAPL,0,20160126,093537,99.280000000,100
AAPL,0,20160126,093537,99.280000000,100
AAPL,0,20160126,093539,99.270000000,200
AAPL,0,20160126,093539,99.270000000,100
AAPL,0,20160126,093539,99.270000000,100
AAPL,0,20160126,093539,99.260000000,100
AAPL,0,20160126,093539,99.260000000,100
AAPL,0,20160126,093539,99.220000000,100
AAPL,0,20160126,093540,99.210000000,100
AAPL,0,20160126,093540,99.190000000,100
AAPL,0,20160126,093540,99.190000000,242
AAPL,0,20160126,093540,99.250000000,312
AAPL,0,20160126,093541,99.250000000,100
AAPL,0,20160126,093541,99.250000000,200
AAPL,0,20160126,093541,99.250000000,100
AAPL,0,20160126,093542,99.260000000,100
AAPL,0,20160126,093542,99.260000000,100
AAPL,0,20160126,093542,99.260000000,700
AAPL,0,20160126,093543,99.260000000,200
AAPL,0,20160126,093543,99.220000000,100
AAPL,0,20160126,093543,99.220000000,100
AAPL,0,20160126,093543,99.220000000,100
AAPL,0,20160126,093543,99.220000000,200
AAPL,0,20160126,093544,99.210000000,100
AAPL,0,20160126,093545,99.180000000,100
AAPL,0,20160126,093545,99.180000000,100
AAPL,0,20160126,093545,99.180000000,100
AAPL,0,20160126,093545,99.180000000,100
AAPL,0,20160126,093545,99.180000000,100
AAPL,0,20160126,093545,99.180000000,100
AAPL,0,20160126,093546,99.180000000,132
AAPL,0,20160126,093546,99.190000000,100
AAPL,0,20160126,093547,99.200000000,100
AAPL,0,20160126,093547,99.200000000,100
AAPL,0,20160126,093547,99.210000000,100
AAPL,0,20160126,093548,99.200000000,100
AAPL,0,20160126,093548,99.200000000,104
AAPL,0,20160126,093552,99.150000000,100
AAPL,0,20160126,093554,99.160000000,100
AAPL,0,20160126,093554,99.120000000,200
AAPL,0,20160126,093554,99.110000000,100
AAPL,0,20160126,093554,99.110000000,100
AAPL,0,20160126,093555,99.110000000,100
AAPL,0,20160126,093556,99.120000000,100
AAPL,0,20160126,093556,99.130000000,200
AAPL,0,20160126,093556,99.130000000,100
AAPL,0,20160126,093556,99.130000000,100
AAPL,0,20160126,093556,99.120000000,100
AAPL,0,20160126,093556,99.120000000,100
AAPL,0,20160126,093557,99.050000000,100
AAPL,0,20160126,093557,99.050000000,200
AAPL,0,20160126,093557,99.030000000,100
AAPL,0,20160126,093557,99.040000000,100
AAPL,0,20160126,093558,99.030000000,100
AAPL,0,20160126,093558,99.050000000,100
AAPL,0,20160126,093558,99.050000000,100
AAPL,0,20160126,093558,99.060000000,100
AAPL,0,20160126,093600,99.070000000,100
AAPL,0,20160126,093600,99.070000000,100
AAPL,0,20160126,093600,99.070000000,100
AAPL,0,20160126,093600,99.070000000,100
AAPL,0,20160126,093601,99.090000000,100
AAPL,0,20160126,093602,99.110000000,100
AAPL,0,20160126,093602,99.120000000,100
AAPL,0,20160126,093603,99.120000000,100
AAPL,0,20160126,093605,99.070000000,100
AAPL,0,20160126,093607,99.050000000,100
AAPL,0,20160126,093607,99.040000000,100
AAPL,0,20160126,093607,99.050000000,200
AAPL,0,20160126,093607,99.060000000,100
AAPL,0,20160126,093607,99.060000000,200
AAPL,0,20160126,093607,99.060000000,200
AAPL,0,20160126,093607,99.060000000,100
AAPL,0,20160126,093607,99.070000000,100
AAPL,0,20160126,093607,99.070000000,100
AAPL,0,20160126,093607,99.070000000,100
AAPL,0,20160126,093607,99.080000000,100
AAPL,0,20160126,093607,99.080000000,100
AAPL,0,20160126,093607,99.090000000,100
AAPL,0,20160126,093607,99.100000000,100
AAPL,0,20160126,093607,99.090000000,100
AAPL,0,20160126,093607,99.090000000,100
AAPL,0,20160126,093608,99.100000000,100
AAPL,0,20160126,093608,99.110000000,100
AAPL,0,20160126,093608,99.110000000,100
AAPL,0,20160126,093608,99.100000000,100
AAPL,0,20160126,093608,99.100000000,100
AAPL,0,20160126,093608,99.100000000,100
AAPL,0,20160126,093609,99.130000000,100
AAPL,0,20160126,093609,99.130000000,100
AAPL,0,20160126,093609,99.140000000,100
AAPL,0,20160126,093609,99.140000000,100
AAPL,0,20160126,093609,99.150000000,100
AAPL,0,20160126,093610,99.130000000,400
AAPL,0,20160126,093610,99.130000000,100
AAPL,0,20160126,093610,99.130000000,100
AAPL,0,20160126,093610,99.130000000,100
AAPL,0,20160126,093610,99.130000000,100
AAPL,0,20160126,093611,99.120000000,200
AAPL,0,20160126,093612,99.120000000,100
AAPL,0,20160126,093613,99.130000000,100
AAPL,0,20160126,093613,99.130000000,100
AAPL,0,20160126,093613,99.130000000,100
AAPL,0,20160126,093613,99.130000000,100
AAPL,0,20160126,093613,99.130000000,100
AAPL,0,20160126,093613,99.130000000,162
AAPL,0,20160126,093614,99.100000000,100
AAPL,0,20160126,093614,99.100000000,100
AAPL,0,20160126,093614,99.090000000,100
AAPL,0,20160126,093614,99.090000000,100
AAPL,0,20160126,093614,99.090000000,100
AAPL,0,20160126,093614,99.080000000,100
AAPL,0,20160126,093614,99.090000000,100
AAPL,0,20160126,093615,99.080000000,100
AAPL,0,20160126,093615,99.080000000,596
AAPL,0,20160126,093615,99.080000000,200
AAPL,0,20160126,093616,99.050000000,200
AAPL,0,20160126,093616,99.050000000,376
AAPL,0,20160126,093618,99.060000000,100
AAPL,0,20160126,093618,99.060000000,100
AAPL,0,20160126,093618,99.060000000,100
AAPL,0,20160126,093618,99.060000000,100
AAPL,0,20160126,093619,99.050000000,200
AAPL,0,20160126,093620,99.050000000,100
AAPL,0,20160126,093621,99.020000000,100
AAPL,0,20160126,093621,99.020000000,100
AAPL,0,20160126,093621,99.020000000,100
AAPL,0,20160126,093621,99.020000000,100
AAPL,0,20160126,093621,99.020000000,200
AAPL,0,20160126,093621,99.020000000,100
AAPL,0,20160126,093621,99.020000000,100
AAPL,0,20160126,093622,99.040000000,100
AAPL,0,20160126,093622,99.040000000,100
AAPL,0,20160126,093622,99.040000000,100
AAPL,0,20160126,093623,99.040000000,100
AAPL,0,20160126,093623,99.040000000,100
AAPL,0,20160126,093624,99.020000000,300
AAPL,0,20160126,093624,99.020000000,100
AAPL,0,20160126,093624,99.020000000,100
AAPL,0,20160126,093624,99.030000000,100
AAPL,0,20160126,093626,99.060000000,100
AAPL,0,20160126,093626,99.060000000,100
AAPL,0,20160126,093626,99.060000000,100
AAPL,0,20160126,093626,99.070000000,100
AAPL,0,20160126,093626,99.080000000,100
AAPL,0,20160126,093626,99.080000000,100
AAPL,0,20160126,093626,99.080000000,100
AAPL,0,20160126,093626,99.080000000,100
AAPL,0,20160126,093629,99.040000000,100
AAPL,0,20160126,093629,99.020000000,100
AAPL,0,20160126,093629,99.020000000,100
AAPL,0,20160126,093629,99.010000000,100
AAPL,0,20160126,093629,99.010000000,100
AAPL,0,20160126,093629,99.010000000,100
AAPL,0,20160126,093630,99.020000000,100
AAPL,0,20160126,093631,99.040000000,100
AAPL,0,20160126,093631,99.040000000,100
AAPL,0,20160126,093631,99.040000000,100
AAPL,0,20160126,093631,99.040000000,100
AAPL,0,20160126,093631,99.040000000,700
AAPL,0,20160126,093631,99.060000000,100
AAPL,0,20160126,093632,99.050000000,100
AAPL,0,20160126,093636,99.070000000,100
AAPL,0,20160126,093636,99.070000000,100
AAPL,0,20160126,093636,99.050000000,100
AAPL,0,20160126,093637,99.050000000,100
AAPL,0,20160126,093638,99.050000000,100
AAPL,0,20160126,093638,99.050000000,100
AAPL,0,20160126,093639,99.050000000,100
AAPL,0,20160126,093639,99.050000000,100
AAPL,0,20160126,093640,99.040000000,147
AAPL,0,20160126,093640,99.040000000,100
AAPL,0,20160126,093640,99.040000000,443
AAPL,0,20160126,093640,99.040000000,174
AAPL,0,20160126,093640,99.040000000,125
AAPL,0,20160126,093640,99.040000000,250
AAPL,0,20160126,093640,99.040000000,250
AAPL,0,20160126,093640,99.040000000,200
AAPL,0,20160126,093640,99.040000000,200
AAPL,0,20160126,093640,99.040000000,476
AAPL,0,20160126,093641,99.030000000,100
AAPL,0,20160126,093641,99.030000000,100
AAPL,0,20160126,093641,99.030000000,400
AAPL,0,20160126,093642,99.040000000,100
AAPL,0,20160126,093642,99.050000000,100
AAPL,0,20160126,093643,99.060000000,100
AAPL,0,20160126,093644,99.075000000,100
AAPL,0,20160126,093644,99.080000000,100
AAPL,0,20160126,093644,99.080000000,100
AAPL,0,20160126,093646,99.040000000,100
AAPL,0,20160126,093646,99.030000000,100
AAPL,0,20160126,093646,99.040000000,200
AAPL,0,20160126,093646,99.040000000,100
AAPL,0,20160126,093646,99.040000000,100
AAPL,0,20160126,093646,99.040000000,100
AAPL,0,20160126,093647,99.050000000,100
AAPL,0,20160126,093647,99.040000000,100
AAPL,0,20160126,093648,99.030000000,200
AAPL,0,20160126,093649,99.020000000,100
AAPL,0,20160126,093649,99.020000000,100
AAPL,0,20160126,093649,99.010000000,100
AAPL,0,20160126,093649,99.010000000,100
AAPL,0,20160126,093650,99.030000000,100
AAPL,0,20160126,093650,99.030000000,100
AAPL,0,20160126,093650,99.030000000,100
AAPL,0,20160126,093650,99.040000000,100
AAPL,0,20160126,093650,99.040000000,100
AAPL,0,20160126,093650,99.040000000,100
AAPL,0,20160126,093650,99.040000000,100
AAPL,0,20160126,093651,99.030000000,100
AAPL,0,20160126,093654,99.000000000,176
AAPL,0,20160126,093654,99.000000000,100
AAPL,0,20160126,093654,99.000000000,100
AAPL,0,20160126,093654,99.000000000,300
AAPL,0,20160126,093654,99.000000000,224
AAPL,0,20160126,093654,99.000000000,216
AAPL,0,20160126,093654,99.000000000,300
AAPL,0,20160126,093654,99.000000000,200
AAPL,0,20160126,093654,99.010000000,100
AAPL,0,20160126,093654,99.010000000,100
AAPL,0,20160126,093654,99.010000000,100
AAPL,0,20160126,093654,99.010000000,100
AAPL,0,20160126,093654,99.010000000,100
AAPL,0,20160126,093654,99.010000000,100
AAPL,0,20160126,093654,99.010000000,100
AAPL,0,20160126,093654,99.010000000,100
AAPL,0,20160126,093654,99.010000000,100
AAPL,0,20160126,093654,99.000000000,100
AAPL,0,20160126,093655,99.010000000,100
AAPL,0,20160126,093655,99.010000000,100
AAPL,0,20160126,093655,99.000000000,100
AAPL,0,20160126,093655,99.010000000,200
AAPL,0,20160126,093655,99.010000000,900
AAPL,0,20160126,093657,99.020000000,100
AAPL,0,20160126,093657,99.020000000,100
AAPL,0,20160126,093657,99.030000000,100
AAPL,0,20160126,093657,99.030000000,100
AAPL,0,20160126,093658,99.010000000,200
AAPL,0,20160126,093659,99.030000000,100
AAPL,0,20160126,093659,99.040000000,100
AAPL,0,20160126,093659,99.040000000,100
AAPL,0,20160126,093700,99.030000000,100
AAPL,0,20160126,093701,99.010000000,100
AAPL,0,20160126,093701,98.970000000,100
AAPL,0,20160126,093703,98.950000000,100
AAPL,0,20160126,093703,98.950000000,100
AAPL,0,20160126,093703,98.950000000,100
AAPL,0,20160126,093703,98.950000000,100
AAPL,0,20160126,093703,98.950000000,100
AAPL,0,20160126,093703,98.950000000,100
AAPL,0,20160126,093703,98.950000000,315
AAPL,0,20160126,093703,98.950000000,100
AAPL,0,20160126,093703,98.940000000,100
AAPL,0,20160126,093703,98.940000000,100
AAPL,0,20160126,093703,98.940000000,100
AAPL,0,20160126,093704,98.950000000,100
AAPL,0,20160126,093704,98.960000000,100
AAPL,0,20160126,093705,98.960000000,100
AAPL,0,20160126,093706,98.960000000,100
AAPL,0,20160126,093707,98.970000000,100
AAPL,0,20160126,093707,98.970000000,100
AAPL,0,20160126,093707,98.970000000,100
AAPL,0,20160126,093707,98.970000000,100
AAPL,0,20160126,093707,98.970000000,200
AAPL,0,20160126,093707,98.970000000,100
AAPL,0,20160126,093707,98.980000000,100
AAPL,0,20160126,093707,98.980000000,100
AAPL,0,20160126,093708,98.990000000,100
AAPL,0,20160126,093708,99.000000000,100
AAPL,0,20160126,093709,99.000000000,100
AAPL,0,20160126,093710,99.000000000,100
AAPL,0,20160126,093710,99.000000000,100
AAPL,0,20160126,093712,99.000000000,100
AAPL,0,20160126,093712,99.000000000,100
AAPL,0,20160126,093712,99.000000000,100
AAPL,0,20160126,093713,99.010000000,100
AAPL,0,20160126,093713,99.010000000,100
AAPL,0,20160126,093713,99.010000000,110
AAPL,0,20160126,093713,99.010000000,100
AAPL,0,20160126,093714,99.010000000,100
AAPL,0,20160126,093714,99.010000000,100
AAPL,0,20160126,093714,99.010000000,200
AAPL,0,20160126,093714,99.010000000,100
AAPL,0,20160126,093714,99.010000000,100
AAPL,0,20160126,093715,99.030000000,100
AAPL,0,20160126,093715,99.040000000,100
AAPL,0,20160126,093715,99.040000000,100
AAPL,0,20160126,093715,99.040000000,100
AAPL,0,20160126,093715,99.040000000,100
AAPL,0,20160126,093715,99.040000000,100
AAPL,0,20160126,093715,99.050000000,100
AAPL,0,20160126,093715,99.080000000,200
AAPL,0,20160126,093715,99.080000000,100
AAPL,0,20160126,093716,99.050000000,100
AAPL,0,20160126,093717,99.060000000,100
AAPL,0,20160126,093717,99.060000000,209
AAPL,0,20160126,093717,99.060000000,100
AAPL,0,20160126,093717,99.070000000,100
AAPL,0,20160126,093717,99.070000000,100
AAPL,0,20160126,093717,99.060000000,100
AAPL,0,20160126,093717,99.050000000,100
AAPL,0,20160126,093717,99.060000000,100
AAPL,0,20160126,093718,99.050000000,100
AAPL,0,20160126,093718,99.050000000,100
AAPL,0,20160126,093718,99.045000000,100
AAPL,0,20160126,093718,99.050000000,100
AAPL,0,20160126,093718,99.050000000,100
AAPL,0,20160126,093718,99.050000000,100
AAPL,0,20160126,093719,99.045000000,100
AAPL,0,20160126,093719,99.045000000,100
AAPL,0,20160126,093720,99.040000000,2400
AAPL,0,20160126,093720,99.040000000,119
AAPL,0,20160126,093720,99.040000000,100
AAPL,0,20160126,093720,99.040000000,100
AAPL,0,20160126,093720,99.040000000,100
AAPL,0,20160126,093720,99.040000000,253
AAPL,0,20160126,093720,99.010000000,100
AAPL,0,20160126,093720,99.020000000,100
AAPL,0,20160126,093720,99.000000000,100
AAPL,0,20160126,093720,99.010000000,100
AAPL,0,20160126,093720,99.010000000,100
AAPL,0,20160126,093720,99.010000000,100
AAPL,0,20160126,093720,99.010000000,100
AAPL,0,20160126,093720,99.000000000,100
AAPL,0,20160126,093720,99.000000000,100
AAPL,0,20160126,093720,99.000000000,100
AAPL,0,20160126,093720,99.000000000,100
AAPL,0,20160126,093720,99.000000000,100
AAPL,0,20160126,093720,99.010000000,100
AAPL,0,20160126,093721,99.010000000,100
AAPL,0,20160126,093721,98.980000000,100
AAPL,0,20160126,093722,98.970000000,300
AAPL,0,20160126,093723,98.960000000,100
AAPL,0,20160126,093724,98.960000000,100
AAPL,0,20160126,093724,98.960000000,100
AAPL,0,20160126,093724,98.960000000,100
AAPL,0,20160126,093724,98.960000000,100
AAPL,0,20160126,093724,98.950000000,200
AAPL,0,20160126,093724,98.950000000,100
AAPL,0,20160126,093724,98.960000000,100
AAPL,0,20160126,093725,98.950000000,200
AAPL,0,20160126,093725,98.930000000,100
AAPL,0,20160126,093725,98.930000000,100
AAPL,0,20160126,093725,98.930000000,100
AAPL,0,20160126,093725,98.930000000,165
AAPL,0,20160126,093725,98.950000000,100
AAPL,0,20160126,093725,98.940000000,100
AAPL,0,20160126,093726,98.960000000,100
AAPL,0,20160126,093726,98.980000000,100
AAPL,0,20160126,093726,98.980000000,100
AAPL,0,20160126,093726,98.990000000,100
AAPL,0,20160126,093726,99.000000000,100
AAPL,0,20160126,093726,99.000000000,100
AAPL,0,20160126,093726,99.000000000,100
AAPL,0,20160126,093726,98.980000000,100
AAPL,0,20160126,093726,98.980000000,100
AAPL,0,20160126,093726,98.960000000,100
AAPL,0,20160126,093726,98.950000000,100
AAPL,0,20160126,093726,98.940000000,100
AAPL,0,20160126,093726,98.930000000,100
AAPL,0,20160126,093726,98.980000000,100
AAPL,0,20160126,093726,98.970000000,100
AAPL,0,20160126,093726,98.950000000,100
AAPL,0,20160126,093726,98.940000000,100
AAPL,0,20160126,093726,98.930000000,100
AAPL,0,20160126,093726,98.910000000,100
AAPL,0,20160126,093727,98.930000000,100
AAPL,0,20160126,093727,98.910000000,100
AAPL,0,20160126,093728,98.890000000,100
AAPL,0,20160126,093728,98.890000000,100
AAPL,0,20160126,093728,98.890000000,100
AAPL,0,20160126,093728,98.900000000,100
AAPL,0,20160126,093728,98.920000000,100
AAPL,0,20160126,093728,98.930000000,100
AAPL,0,20160126,093728,98.930000000,100
AAPL,0,20160126,093728,98.930000000,100
AAPL,0,20160126,093728,98.950000000,100
AAPL,0,20160126,093730,98.920000000,200
AAPL,0,20160126,093731,98.940000000,200
AAPL,0,20160126,093731,98.940000000,100
AAPL,0,20160126,093731,98.940000000,100
AAPL,0,20160126,093731,98.940000000,100
AAPL,0,20160126,093731,98.940000000,100
AAPL,0,20160126,093731,98.940000000,100
AAPL,0,20160126,093731,98.940000000,100
AAPL,0,20160126,093731,98.940000000,100
AAPL,0,20160126,093733,98.940000000,100
AAPL,0,20160126,093734,98.940000000,100
AAPL,0,20160126,093736,98.940000000,200
AAPL,0,20160126,093736,98.940000000,100
AAPL,0,20160126,093738,98.940000000,100
AAPL,0,20160126,093738,98.940000000,100
AAPL,0,20160126,093738,98.940000000,100
AAPL,0,20160126,093740,98.950000000,100
AAPL,0,20160126,093740,98.950000000,100
AAPL,0,20160126,093742,98.930000000,100
AAPL,0,20160126,093742,98.910000000,100
AAPL,0,20160126,093745,98.840000000,100
AAPL,0,20160126,093745,98.840000000,100
AAPL,0,20160126,093746,98.850000000,100
AAPL,0,20160126,093749,98.820000000,100
AAPL,0,20160126,093749,98.820000000,100
AAPL,0,20160126,093749,98.830000000,100
AAPL,0,20160126,093751,98.830000000,100
AAPL,0,20160126,093752,98.830000000,100
AAPL,0,20160126,093752,98.840000000,100
AAPL,0,20160126,093752,98.840000000,100
AAPL,0,20160126,093754,98.870000000,100
AAPL,0,20160126,093754,98.870000000,100
AAPL,0,20160126,093755,98.860000000,100
AAPL,0,20160126,093755,98.860000000,100
AAPL,0,20160126,093755,98.860000000,220
AAPL,0,20160126,093755,98.870000000,100
AAPL,0,20160126,093755,98.870000000,100
AAPL,0,20160126,093755,98.880000000,100
AAPL,0,20160126,093756,98.880000000,100
AAPL,0,20160126,093756,98.890000000,308
AAPL,0,20160126,093757,98.880000000,100
AAPL,0,20160126,093759,98.890000000,100
AAPL,0,20160126,093759,98.890000000,211
AAPL,0,20160126,093759,98.890000000,100
AAPL,0,20160126,093800,98.890000000,200
AAPL,0,20160126,093800,98.890000000,200
AAPL,0,20160126,093801,98.890000000,200
AAPL,0,20160126,093801,98.890000000,200
AAPL,0,20160126,093801,98.880000000,100
AAPL,0,20160126,093801,98.850000000,100
AAPL,0,20160126,093801,98.850000000,100
AAPL,0,20160126,093802,98.850000000,100
AAPL,0,20160126,093802,98.850000000,200
AAPL,0,20160126,093802,98.860000000,100
AAPL,0,20160126,093802,98.860000000,100
AAPL,0,20160126,093802,98.880000000,100
AAPL,0,20160126,093804,98.890000000,100
AAPL,0,20160126,093804,98.890000000,100
AAPL,0,20160126,093804,98.900000000,120
AAPL,0,20160126,093807,98.870000000,200
AAPL,0,20160126,093809,98.850000000,100
AAPL,0,20160126,093809,98.850000000,100
AAPL,0,20160126,093809,98.850000000,198
AAPL,0,20160126,093810,98.860000000,231
AAPL,0,20160126,093810,98.860000000,100
AAPL,0,20160126,093810,98.860000000,100
AAPL,0,20160126,093810,98.860000000,100
AAPL,0,20160126,093810,98.860000000,100
AAPL,0,20160126,093810,98.860000000,239
AAPL,0,20160126,093810,98.860000000,100
AAPL,0,20160126,093811,98.860000000,100
AAPL,0,20160126,093811,98.870000000,100
AAPL,0,20160126,093811,98.880000000,200
AAPL,0,20160126,093812,98.880000000,100
AAPL,0,20160126,093812,98.880000000,100
AAPL,0,20160126,093813,98.880000000,100
AAPL,0,20160126,093814,98.880000000,100
AAPL,0,20160126,093815,98.870000000,200
AAPL,0,20160126,093816,98.850000000,100
AAPL,0,20160126,093817,98.820000000,100
AAPL,0,20160126,093817,98.820000000,100
AAPL,0,20160126,093817,98.825000000,100
AAPL,0,20160126,093818,98.825000000,190
AAPL,0,20160126,093818,98.830000000,200
AAPL,0,20160126,093819,98.820000000,200
AAPL,0,20160126,093822,98.820000000,100
AAPL,0,20160126,093822,98.820000000,200
AAPL,0,20160126,093822,98.830000000,100
AAPL,0,20160126,093824,98.840000000,200
AAPL,0,20160126,093824,98.840000000,100
AAPL,0,20160126,093824,98.840000000,100
AAPL,0,20160126,093827,98.840000000,100
AAPL,0,20160126,093827,98.840000000,100
AAPL,0,20160126,093827,98.840000000,100
AAPL,0,20160126,093827,98.840000000,100
AAPL,0,20160126,093827,98.850000000,100
AAPL,0,20160126,093827,98.830000000,100
AAPL,0,20160126,093827,98.830000000,100
AAPL,0,20160126,093827,98.830000000,100
AAPL,0,20160126,093827,98.800000000,100
AAPL,0,20160126,093827,98.800000000,100
AAPL,0,20160126,093827,98.790000000,100
AAPL,0,20160126,093828,98.810000000,100
AAPL,0,20160126,093828,98.810000000,100
AAPL,0,20160126,093828,98.810000000,100
AAPL,0,20160126,093828,98.810000000,100
AAPL,0,20160126,093830,98.780000000,100
AAPL,0,20160126,093833,98.770000000,250
AAPL,0,20160126,093833,98.770000000,250
AAPL,0,20160126,093833,98.760000000,100
AAPL,0,20160126,093837,98.770000000,100
AAPL,0,20160126,093837,98.780000000,100
AAPL,0,20160126,093837,98.780000000,200
AAPL,0,20160126,093840,98.810000000,100
AAPL,0,20160126,093840,98.810000000,100
AAPL,0,20160126,093840,98.820000000,100
AAPL,0,20160126,093843,98.820000000,100
AAPL,0,20160126,093843,98.830000000,100
AAPL,0,20160126,093845,98.810000000,200
AAPL,0,20160126,093845,98.790000000,200
AAPL,0,20160126,093845,98.770000000,450
AAPL,0,20160126,093845,98.770000000,100
AAPL,0,20160126,093845,98.770000000,1700
AAPL,0,20160126,093845,98.770000000,100
AAPL,0,20160126,093846,98.770000000,100
AAPL,0,20160126,093846,98.770000000,100
AAPL,0,20160126,093846,98.770000000,100
AAPL,0,20160126,093846,98.770000000,100
AAPL,0,20160126,093846,98.780000000,100
AAPL,0,20160126,093846,98.780000000,100
AAPL,0,20160126,093846,98.780000000,100
AAPL,0,20160126,093846,98.800000000,100
AAPL,0,20160126,093848,98.810000000,100
AAPL,0,20160126,093848,98.770000000,100
AAPL,0,20160126,093848,98.780000000,100
AAPL,0,20160126,093851,98.760000000,122
AAPL,0,20160126,093851,98.760000000,250
AAPL,0,20160126,093851,98.760000000,100
AAPL,0,20160126,093851,98.750000000,100
AAPL,0,20160126,093851,98.750000000,100
AAPL,0,20160126,093851,98.750000000,100
AAPL,0,20160126,093851,98.750000000,100
AAPL,0,20160126,093851,98.750000000,100
AAPL,0,20160126,093851,98.730000000,100
AAPL,0,20160126,093851,98.730000000,200
AAPL,0,20160126,093851,98.750000000,100
AAPL,0,20160126,093851,98.750000000,200
AAPL,0,20160126,093851,98.740000000,100
AAPL,0,20160126,093851,98.730000000,100
AAPL,0,20160126,093851,98.720000000,100
AAPL,0,20160126,093851,98.720000000,100
AAPL,0,20160126,093851,98.710000000,100
AAPL,0,20160126,093851,98.720000000,100
AAPL,0,20160126,093851,98.710000000,100
AAPL,0,20160126,093852,98.700000000,100
AAPL,0,20160126,093852,98.710000000,100
AAPL,0,20160126,093852,98.710000000,100
AAPL,0,20160126,093852,98.710000000,100
AAPL,0,20160126,093852,98.710000000,100
AAPL,0,20160126,093852,98.710000000,100
AAPL,0,20160126,093852,98.710000000,100
AAPL,0,20160126,093853,98.720000000,100
AAPL,0,20160126,093853,98.735000000,100
AAPL,0,20160126,093854,98.730000000,100
AAPL,0,20160126,093854,98.720000000,100
AAPL,0,20160126,093854,98.720000000,100
AAPL,0,20160126,093854,98.720000000,100
AAPL,0,20160126,093854,98.720000000,100
AAPL,0,20160126,093854,98.720000000,100
AAPL,0,20160126,093854,98.710000000,100
AAPL,0,20160126,093854,98.700000000,100
AAPL,0,20160126,093854,98.690000000,100
AAPL,0,20160126,093854,98.690000000,100
AAPL,0,20160126,093854,98.690000000,120
AAPL,0,20160126,093854,98.690000000,180
AAPL,0,20160126,093855,98.670000000,100
AAPL,0,20160126,093855,98.670000000,100
AAPL,0,20160126,093855,98.670000000,316
AAPL,0,20160126,093855,98.670000000,100
AAPL,0,20160126,093855,98.670000000,100
AAPL,0,20160126,093855,98.670000000,100
AAPL,0,20160126,093855,98.660000000,100
AAPL,0,20160126,093856,98.630000000,100
AAPL,0,20160126,093856,98.650000000,100
AAPL,0,20160126,093857,98.655000000,100
AAPL,0,20160126,093857,98.655000000,100
AAPL,0,20160126,093857,98.655000000,100
AAPL,0,20160126,093857,98.650000000,100
AAPL,0,20160126,093857,98.650000000,100
AAPL,0,20160126,093857,98.650000000,100
AAPL,0,20160126,093857,98.660000000,100
AAPL,0,20160126,093858,98.690000000,100
AAPL,0,20160126,093858,98.690000000,100
AAPL,0,20160126,093900,98.690000000,100
AAPL,0,20160126,093900,98.650000000,100
AAPL,0,20160126,093900,98.650000000,100
AAPL,0,20160126,093900,98.630000000,100
AAPL,0,20160126,093900,98.630000000,100
AAPL,0,20160126,093900,98.630000000,100
AAPL,0,20160126,093900,98.620000000,400
AAPL,0,20160126,093901,98.610000000,100
AAPL,0,20160126,093901,98.630000000,100
AAPL,0,20160126,093903,98.640000000,100
AAPL,0,20160126,093904,98.640000000,100
AAPL,0,20160126,093904,98.650000000,100
AAPL,0,20160126,093906,98.630000000,200
AAPL,0,20160126,093907,98.610000000,300
AAPL,0,20160126,093907,98.610000000,100
AAPL,0,20160126,093907,98.600000000,100
AAPL,0,20160126,093907,98.600000000,100
AAPL,0,20160126,093907,98.560000000,100
AAPL,0,20160126,093907,98.560000000,100
AAPL,0,20160126,093907,98.550000000,100
AAPL,0,20160126,093907,98.550000000,100
AAPL,0,20160126,093907,98.560000000,100
AAPL,0,20160126,093907,98.540000000,100
AAPL,0,20160126,093907,98.540000000,100
AAPL,0,20160126,093907,98.540000000,100
AAPL,0,20160126,093907,98.550000000,100
AAPL,0,20160126,093907,98.550000000,100
AAPL,0,20160126,093907,98.540000000,100
AAPL,0,20160126,093907,98.550000000,100
AAPL,0,20160126,093908,98.560000000,100
AAPL,0,20160126,093908,98.560000000,100
AAPL,0,20160126,093909,98.550000000,100
AAPL,0,20160126,093909,98.560000000,100
AAPL,0,20160126,093909,98.560000000,100
AAPL,0,20160126,093910,98.580000000,200
AAPL,0,20160126,093910,98.610000000,100
AAPL,0,20160126,093910,98.620000000,100
AAPL,0,20160126,093910,98.630000000,100
AAPL,0,20160126,093910,98.630000000,100
AAPL,0,20160126,093910,98.630000000,100
AAPL,0,20160126,093912,98.600000000,100
AAPL,0,20160126,093915,98.580000000,100
AAPL,0,20160126,093915,98.580000000,100
AAPL,0,20160126,093915,98.580000000,100
AAPL,0,20160126,093915,98.590000000,100
AAPL,0,20160126,093915,98.590000000,100
AAPL,0,20160126,093916,98.580000000,300
AAPL,0,20160126,093916,98.580000000,200
AAPL,0,20160126,093916,98.580000000,100
AAPL,0,20160126,093916,98.580000000,100
AAPL,0,20160126,093916,98.580000000,200
AAPL,0,20160126,093916,98.580000000,398
AAPL,0,20160126,093916,98.580000000,288
AAPL,0,20160126,093916,98.580000000,298
AAPL,0,20160126,093916,98.590000000,100
AAPL,0,20160126,093916,98.580000000,300
AAPL,0,20160126,093916,98.580000000,100
AAPL,0,20160126,093916,98.580000000,1216
AAPL,0,20160126,093916,98.550000000,100
AAPL,0,20160126,093916,98.550000000,100
AAPL,0,20160126,093916,98.520000000,100
AAPL,0,20160126,093916,98.520000000,100
AAPL,0,20160126,093916,98.530000000,400
AAPL,0,20160126,093916,98.530000000,500
AAPL,0,20160126,093916,98.530000000,100
AAPL,0,20160126,093918,98.540000000,100
AAPL,0,20160126,093918,98.540000000,100
AAPL,0,20160126,093918,98.540000000,100
AAPL,0,20160126,093918,98.510000000,100
AAPL,0,20160126,093918,98.510000000,200
AAPL,0,20160126,093918,98.510000000,100
AAPL,0,20160126,093918,98.510000000,100
AAPL,0,20160126,093918,98.510000000,100
AAPL,0,20160126,093918,98.510000000,300
AAPL,0,20160126,093918,98.510000000,100
AAPL,0,20160126,093919,98.490000000,136
AAPL,0,20160126,093919,98.510000000,100
AAPL,0,20160126,093919,98.510000000,100
AAPL,0,20160126,093919,98.510000000,100
AAPL,0,20160126,093919,98.500000000,100
AAPL,0,20160126,093921,98.480000000,100
AAPL,0,20160126,093921,98.490000000,100
AAPL,0,20160126,093921,98.490000000,100
AAPL,0,20160126,093921,98.490000000,332
AAPL,0,20160126,093921,98.490000000,268
AAPL,0,20160126,093921,98.450000000,100
AAPL,0,20160126,093921,98.410000000,100
AAPL,0,20160126,093921,98.410000000,100
AAPL,0,20160126,093921,98.400000000,100
AAPL,0,20160126,093921,98.400000000,100
AAPL,0,20160126,093922,98.440000000,168
AAPL,0,20160126,093924,98.400000000,100
AAPL,0,20160126,093924,98.400000000,100
AAPL,0,20160126,093924,98.370000000,100
AAPL,0,20160126,093924,98.370000000,100
AAPL,0,20160126,093924,98.370000000,250
AAPL,0,20160126,093924,98.370000000,131
AAPL,0,20160126,093924,98.340000000,100
AAPL,0,20160126,093925,98.340000000,100
AAPL,0,20160126,093925,98.390000000,100
AAPL,0,20160126,093927,98.400000000,100
AAPL,0,20160126,093928,98.410000000,100
AAPL,0,20160126,093928,98.400000000,100
AAPL,0,20160126,093928,98.390000000,100
AAPL,0,20160126,093929,98.330000000,100
AAPL,0,20160126,093932,98.340000000,100
AAPL,0,20160126,093932,98.340000000,100
AAPL,0,20160126,093932,98.340000000,100
AAPL,0,20160126,093932,98.340000000,100
AAPL,0,20160126,093933,98.340000000,100
AAPL,0,20160126,093933,98.345000000,200
AAPL,0,20160126,093933,98.340000000,100
AAPL,0,20160126,093933,98.340000000,100
AAPL,0,20160126,093933,98.330000000,100
AAPL,0,20160126,093935,98.340000000,100
AAPL,0,20160126,093935,98.340000000,100
AAPL,0,20160126,093936,98.340000000,100
AAPL,0,20160126,093936,98.340000000,200
AAPL,0,20160126,093936,98.320000000,100
AAPL,0,20160126,093937,98.340000000,100
AAPL,0,20160126,093937,98.340000000,100
AAPL,0,20160126,093938,98.310000000,100
AAPL,0,20160126,093939,98.270000000,100
AAPL,0,20160126,093939,98.280000000,100
AAPL,0,20160126,093939,98.270000000,170
AAPL,0,20160126,093939,98.270000000,200
AAPL,0,20160126,093939,98.270000000,100
AAPL,0,20160126,093939,98.260000000,100
AAPL,0,20160126,093939,98.250000000,100
AAPL,0,20160126,093940,98.270000000,100
AAPL,0,20160126,093941,98.270000000,100
AAPL,0,20160126,093942,98.300000000,100
AAPL,0,20160126,093942,98.290000000,100
AAPL,0,20160126,093943,98.290000000,200
AAPL,0,20160126,093943,98.285000000,200
AAPL,0,20160126,093943,98.290000000,100
AAPL,0,20160126,093944,98.290000000,100
AAPL,0,20160126,093944,98.310000000,100
AAPL,0,20160126,093945,98.320000000,100
AAPL,0,20160126,093945,98.330000000,300
AAPL,0,20160126,093945,98.320000000,122
AAPL,0,20160126,093945,98.320000000,100
AAPL,0,20160126,093945,98.320000000,100
AAPL,0,20160126,093945,98.320000000,100
AAPL,0,20160126,093945,98.330000000,4200
AAPL,0,20160126,093945,98.330000000,100
AAPL,0,20160126,093945,98.340000000,100
AAPL,0,20160126,093946,98.350000000,100
AAPL,0,20160126,093946,98.370000000,100
AAPL,0,20160126,093946,98.380000000,100
AAPL,0,20160126,093946,98.380000000,100
AAPL,0,20160126,093946,98.380000000,100
AAPL,0,20160126,093946,98.380000000,100
AAPL,0,20160126,093946,98.390000000,100
AAPL,0,20160126,093946,98.390000000,100
AAPL,0,20160126,093946,98.390000000,100
AAPL,0,20160126,093946,98.370000000,100
AAPL,0,20160126,093946,98.370000000,100
AAPL,0,20160126,093946,98.380000000,100
AAPL,0,20160126,093946,98.400000000,100
AAPL,0,20160126,093946,98.400000000,201
AAPL,0,20160126,093946,98.390000000,100
AAPL,0,20160126,093946,98.390000000,100
AAPL,0,20160126,093946,98.420000000,100
AAPL,0,20160126,093946,98.430000000,100
AAPL,0,20160126,093946,98.430000000,100
AAPL,0,20160126,093947,98.430000000,100
AAPL,0,20160126,093947,98.440000000,100
AAPL,0,20160126,093947,98.440000000,100
AAPL,0,20160126,093948,98.450000000,100
AAPL,0,20160126,093950,98.430000000,100
AAPL,0,20160126,093950,98.430000000,100
AAPL,0,20160126,093950,98.440000000,100
AAPL,0,20160126,093950,98.440000000,100
AAPL,0,20160126,093950,98.450000000,100
AAPL,0,20160126,093950,98.450000000,100
AAPL,0,20160126,093950,98.450000000,100
AAPL,0,20160126,093950,98.470000000,100
AAPL,0,20160126,093950,98.460000000,100
AAPL,0,20160126,093950,98.460000000,100
AAPL,0,20160126,093950,98.470000000,100
AAPL,0,20160126,093950,98.470000000,100
AAPL,0,20160126,093950,98.480000000,100
AAPL,0,20160126,093951,98.460000000,100
AAPL,0,20160126,093951,98.460000000,200
AAPL,0,20160126,093951,98.460000000,200
AAPL,0,20160126,093951,98.460000000,100
AAPL,0,20160126,093951,98.460000000,100
AAPL,0,20160126,093951,98.460000000,100
AAPL,0,20160126,093951,98.470000000,100
AAPL,0,20160126,093951,98.470000000,200
AAPL,0,20160126,093951,98.470000000,100
AAPL,0,20160126,093951,98.460000000,100
AAPL,0,20160126,093951,98.470000000,100
AAPL,0,20160126,093951,98.480000000,100
AAPL,0,20160126,093951,98.480000000,100
AAPL,0,20160126,093951,98.480000000,100
AAPL,0,20160126,093951,98.480000000,700
AAPL,0,20160126,093951,98.480000000,100
AAPL,0,20160126,093951,98.490000000,100
AAPL,0,20160126,093951,98.470000000,100
AAPL,0,20160126,093953,98.450000000,100
AAPL,0,20160126,093953,98.460000000,100
AAPL,0,20160126,093953,98.460000000,100
AAPL,0,20160126,093954,98.460000000,100
AAPL,0,20160126,093954,98.460000000,100
AAPL,0,20160126,093954,98.460000000,100
AAPL,0,20160126,093954,98.460000000,100
AAPL,0,20160126,093954,98.460000000,100
AAPL,0,20160126,093954,98.460000000,100
AAPL,0,20160126,093954,98.460000000,100
AAPL,0,20160126,093954,98.460000000,100
AAPL,0,20160126,093955,98.470000000,200
AAPL,0,20160126,093956,98.480000000,100
AAPL,0,20160126,093956,98.490000000,100
AAPL,0,20160126,093956,98.480000000,100
AAPL,0,20160126,093956,98.480000000,100
AAPL,0,20160126,093956,98.470000000,100
AAPL,0,20160126,093957,98.460000000,200
AAPL,0,20160126,093958,98.460000000,100
AAPL,0,20160126,093958,98.480000000,100
AAPL,0,20160126,093958,98.480000000,100
AAPL,0,20160126,093958,98.480000000,100
AAPL,0,20160126,093958,98.500000000,100
AAPL,0,20160126,093958,98.510000000,100
AAPL,0,20160126,093958,98.500000000,100
AAPL,0,20160126,093958,98.500000000,100
AAPL,0,20160126,093958,98.500000000,100
AAPL,0,20160126,093958,98.480000000,100
AAPL,0,20160126,093958,98.490000000,100
AAPL,0,20160126,094000,98.520000000,100
AAPL,0,20160126,094000,98.520000000,100
AAPL,0,20160126,094001,98.520000000,100
AAPL,0,20160126,094001,98.510000000,100
AAPL,0,20160126,094001,98.510000000,100
AAPL,0,20160126,094001,98.520000000,100
AAPL,0,20160126,094002,98.490000000,200
AAPL,0,20160126,094002,98.490000000,100
AAPL,0,20160126,094002,98.470000000,100
AAPL,0,20160126,094003,98.460000000,100
AAPL,0,20160126,094003,98.460000000,100
AAPL,0,20160126,094003,98.470000000,100
AAPL,0,20160126,094003,98.490000000,200
AAPL,0,20160126,094003,98.490000000,100
AAPL,0,20160126,094007,98.430000000,100
AAPL,0,20160126,094007,98.430000000,100
AAPL,0,20160126,094007,98.430000000,164
AAPL,0,20160126,094007,98.430000000,100
AAPL,0,20160126,094007,98.430000000,100
AAPL,0,20160126,094007,98.430000000,100
AAPL,0,20160126,094007,98.430000000,100
AAPL,0,20160126,094009,98.410000000,100
AAPL,0,20160126,094011,98.415000000,100
AAPL,0,20160126,094011,98.410000000,100
AAPL,0,20160126,094011,98.420000000,100
AAPL,0,20160126,094011,98.420000000,100
AAPL,0,20160126,094011,98.430000000,100
AAPL,0,20160126,094011,98.430000000,100
AAPL,0,20160126,094011,98.430000000,100
AAPL,0,20160126,094012,98.430000000,200
AAPL,0,20160126,094012,98.430000000,100
AAPL,0,20160126,094013,98.460000000,200
AAPL,0,20160126,094013,98.490000000,100
AAPL,0,20160126,094014,98.490000000,100
AAPL,0,20160126,094014,98.490000000,100
AAPL,0,20160126,094014,98.490000000,100
AAPL,0,20160126,094016,98.480000000,100
AAPL,0,20160126,094019,98.490000000,100
AAPL,0,20160126,094019,98.490000000,100
AAPL,0,20160126,094019,98.530000000,100
AAPL,0,20160126,094019,98.530000000,100
AAPL,0,20160126,094019,98.520000000,100
AAPL,0,20160126,094019,98.530000000,100
AAPL,0,20160126,094020,98.560000000,100
AAPL,0,20160126,094021,98.580000000,500
AAPL,0,20160126,094022,98.590000000,100
AAPL,0,20160126,094022,98.580000000,100
AAPL,0,20160126,094022,98.580000000,100
AAPL,0,20160126,094022,98.580000000,100
AAPL,0,20160126,094022,98.580000000,100
AAPL,0,20160126,094022,98.580000000,100
AAPL,0,20160126,094022,98.570000000,100
AAPL,0,20160126,094022,98.550000000,100
AAPL,0,20160126,094023,98.530000000,100
AAPL,0,20160126,094023,98.525000000,100
AAPL,0,20160126,094023,98.520000000,100
AAPL,0,20160126,094023,98.510000000,100
AAPL,0,20160126,094024,98.510000000,200
AAPL,0,20160126,094024,98.510000000,100
AAPL,0,20160126,094024,98.510000000,100
AAPL,0,20160126,094026,98.530000000,100
AAPL,0,20160126,094028,98.520000000,200
AAPL,0,20160126,094030,98.500000000,100
AAPL,0,20160126,094030,98.500000000,100
AAPL,0,20160126,094030,98.510000000,100
AAPL,0,20160126,094031,98.510000000,100
AAPL,0,20160126,094031,98.510000000,7138
AAPL,0,20160126,094031,98.510000000,965
AAPL,0,20160126,094031,98.510000000,965
AAPL,0,20160126,094031,98.510000000,317
AAPL,0,20160126,094031,98.510000000,515
AAPL,0,20160126,094031,98.500000000,100
AAPL,0,20160126,094032,98.500000000,100
AAPL,0,20160126,094032,98.500000000,100
AAPL,0,20160126,094032,98.500000000,300
AAPL,0,20160126,094032,98.510000000,100
AAPL,0,20160126,094032,98.500000000,200
AAPL,0,20160126,094034,98.500000000,100
AAPL,0,20160126,094037,98.460000000,100
AAPL,0,20160126,094037,98.460000000,100
AAPL,0,20160126,094042,98.420000000,150
AAPL,0,20160126,094042,98.420000000,100
AAPL,0,20160126,094042,98.420000000,100
AAPL,0,20160126,094042,98.420000000,100
AAPL,0,20160126,094045,98.430000000,100
AAPL,0,20160126,094045,98.430000000,100
AAPL,0,20160126,094045,98.430000000,100
AAPL,0,20160126,094045,98.430000000,100
AAPL,0,20160126,094045,98.440000000,100
AAPL,0,20160126,094046,98.440000000,100
AAPL,0,20160126,094046,98.440000000,100
AAPL,0,20160126,094046,98.440000000,100
AAPL,0,20160126,094046,98.440000000,100
AAPL,0,20160126,094048,98.460000000,143
AAPL,0,20160126,094048,98.460000000,157
AAPL,0,20160126,094049,98.470000000,100
AAPL,0,20160126,094049,98.470000000,100
AAPL,0,20160126,094051,98.450000000,181
AAPL,0,20160126,094051,98.450000000,100
AAPL,0,20160126,094053,98.450000000,100
AAPL,0,20160126,094053,98.460000000,200
AAPL,0,20160126,094054,98.480000000,100
AAPL,0,20160126,094057,98.420000000,200
AAPL,0,20160126,094057,98.410000000,104
AAPL,0,20160126,094057,98.400000000,100
AAPL,0,20160126,094057,98.390000000,100
AAPL,0,20160126,094057,98.390000000,100
AAPL,0,20160126,094057,98.370000000,100
AAPL,0,20160126,094057,98.370000000,100
AAPL,0,20160126,094057,98.360000000,100
AAPL,0,20160126,094057,98.360000000,100
AAPL,0,20160126,094057,98.360000000,100
AAPL,0,20160126,094057,98.360000000,100
AAPL,0,20160126,094057,98.360000000,100
AAPL,0,20160126,094057,98.360000000,100
AAPL,0,20160126,094057,98.360000000,100
AAPL,0,20160126,094058,98.360000000,100
AAPL,0,20160126,094058,98.360000000,100
AAPL,0,20160126,094058,98.360000000,100
AAPL,0,20160126,094058,98.360000000,100
AAPL,0,20160126,094058,98.370000000,200
AAPL,0,20160126,094058,98.370000000,100
AAPL,0,20160126,094058,98.360000000,100
AAPL,0,20160126,094058,98.360000000,100
AAPL,0,20160126,094059,98.360000000,100
AAPL,0,20160126,094059,98.360000000,100
AAPL,0,20160126,094100,98.360000000,100
AAPL,0,20160126,094100,98.360000000,100
AAPL,0,20160126,094101,98.350000000,100
AAPL,0,20160126,094102,98.360000000,100
AAPL,0,20160126,094104,98.360000000,100
AAPL,0,20160126,094104,98.350000000,121
AAPL,0,20160126,094104,98.350000000,236
AAPL,0,20160126,094104,98.340000000,200
AAPL,0,20160126,094105,98.350000000,100
AAPL,0,20160126,094106,98.360000000,100
AAPL,0,20160126,094106,98.360000000,100
AAPL,0,20160126,094106,98.360000000,100
AAPL,0,20160126,094107,98.360000000,102
AAPL,0,20160126,094107,98.370000000,100
AAPL,0,20160126,094107,98.360000000,100
AAPL,0,20160126,094107,98.360000000,100
AAPL,0,20160126,094107,98.360000000,100
AAPL,0,20160126,094107,98.360000000,200
AAPL,0,20160126,094107,98.360000000,100
AAPL,0,20160126,094107,98.360000000,100
AAPL,0,20160126,094113,98.300000000,164
AAPL,0,20160126,094113,98.310000000,100
AAPL,0,20160126,094113,98.310000000,100
AAPL,0,20160126,094113,98.310000000,100
AAPL,0,20160126,094114,98.370000000,100
AAPL,0,20160126,094114,98.360000000,100
AAPL,0,20160126,094116,98.360000000,100
AAPL,0,20160126,094118,98.380000000,100
AAPL,0,20160126,094118,98.400000000,100
AAPL,0,20160126,094118,98.400000000,100
AAPL,0,20160126,094118,98.400000000,100
AAPL,0,20160126,094118,98.400000000,100
AAPL,0,20160126,094119,98.420000000,100
AAPL,0,20160126,094119,98.420000000,100
AAPL,0,20160126,094119,98.430000000,100
AAPL,0,20160126,094119,98.430000000,100
AAPL,0,20160126,094119,98.430000000,100
AAPL,0,20160126,094119,98.430000000,100
AAPL,0,20160126,094120,98.420000000,100
AAPL,0,20160126,094120,98.420000000,100
AAPL,0,20160126,094120,98.420000000,100
AAPL,0,20160126,094121,98.430000000,100
AAPL,0,20160126,094122,98.470000000,200
AAPL,0,20160126,094122,98.460000000,100
AAPL,0,20160126,094122,98.480000000,100
AAPL,0,20160126,094123,98.470000000,100
AAPL,0,20160126,094123,98.460000000,500
AAPL,0,20160126,094123,98.460000000,100
AAPL,0,20160126,094123,98.450000000,300
AAPL,0,20160126,094124,98.490000000,400
AAPL,0,20160126,094126,98.490000000,100
AAPL,0,20160126,094127,98.500000000,335
AAPL,0,20160126,094128,98.570000000,100
AAPL,0,20160126,094128,98.570000000,100
AAPL,0,20160126,094128,98.570000000,600
AAPL,0,20160126,094128,98.570000000,500
AAPL,0,20160126,094130,98.530000000,100
AAPL,0,20160126,094132,98.530000000,100
AAPL,0,20160126,094133,98.530000000,100
AAPL,0,20160126,094133,98.520000000,100
AAPL,0,20160126,094133,98.520000000,200
AAPL,0,20160126,094133,98.520000000,200
AAPL,0,20160126,094133,98.530000000,135
AAPL,0,20160126,094134,98.490000000,100
AAPL,0,20160126,094134,98.490000000,507
AAPL,0,20160126,094135,98.460000000,100
AAPL,0,20160126,094135,98.460000000,215
AAPL,0,20160126,094135,98.460000000,207
AAPL,0,20160126,094137,98.490000000,100
AAPL,0,20160126,094137,98.490000000,100
AAPL,0,20160126,094139,98.440000000,100
AAPL,0,20160126,094139,98.430000000,100
AAPL,0,20160126,094139,98.430000000,100
AAPL,0,20160126,094141,98.410000000,100
AAPL,0,20160126,094142,98.460000000,100
AAPL,0,20160126,094144,98.490000000,100
AAPL,0,20160126,094144,98.490000000,195
AAPL,0,20160126,094145,98.470000000,100
AAPL,0,20160126,094145,98.470000000,105
AAPL,0,20160126,094145,98.470000000,142
AAPL,0,20160126,094146,98.450000000,100
AAPL,0,20160126,094147,98.440000000,330
AAPL,0,20160126,094147,98.440000000,100
AAPL,0,20160126,094150,98.470000000,100
AAPL,0,20160126,094151,98.480000000,100
AAPL,0,20160126,094154,98.490000000,100
AAPL,0,20160126,094154,98.490000000,224
AAPL,0,20160126,094154,98.490000000,276
AAPL,0,20160126,094154,98.500000000,100
AAPL,0,20160126,094154,98.500000000,100
AAPL,0,20160126,094156,98.610000000,100
AAPL,0,20160126,094157,98.560000000,100
AAPL,0,20160126,094157,98.560000000,100
AAPL,0,20160126,094157,98.550000000,100
AAPL,0,20160126,094200,98.500000000,100
AAPL,0,20160126,094200,98.520000000,100
AAPL,0,20160126,094201,98.520000000,100
AAPL,0,20160126,094201,98.520000000,100
AAPL,0,20160126,094201,98.530000000,100
AAPL,0,20160126,094202,98.530000000,100
AAPL,0,20160126,094202,98.530000000,100
AAPL,0,20160126,094202,98.540000000,100
AAPL,0,20160126,094202,98.550000000,100
AAPL,0,20160126,094203,98.520000000,100
AAPL,0,20160126,094203,98.510000000,100
AAPL,0,20160126,094203,98.510000000,100
AAPL,0,20160126,094203,98.500000000,100
AAPL,0,20160126,094203,98.510000000,100
AAPL,0,20160126,094203,98.510000000,100
AAPL,0,20160126,094203,98.520000000,100
AAPL,0,20160126,094203,98.520000000,120
AAPL,0,20160126,094203,98.490000000,100
AAPL,0,20160126,094203,98.490000000,100
AAPL,0,20160126,094205,98.520000000,100
AAPL,0,20160126,094205,98.500000000,100
AAPL,0,20160126,094208,98.500000000,100
AAPL,0,20160126,094209,98.510000000,100
AAPL,0,20160126,094209,98.510000000,100
AAPL,0,20160126,094209,98.510000000,100
AAPL,0,20160126,094210,98.490000000,100
AAPL,0,20160126,094210,98.490000000,100
AAPL,0,20160126,094210,98.510000000,100
AAPL,0,20160126,094210,98.520000000,100
AAPL,0,20160126,094211,98.530000000,100
AAPL,0,20160126,094213,98.530000000,100
AAPL,0,20160126,094213,98.530000000,100
AAPL,0,20160126,094213,98.530000000,100
AAPL,0,20160126,094213,98.530000000,100
AAPL,0,20160126,094214,98.550000000,100
AAPL,0,20160126,094218,98.530000000,100
AAPL,0,20160126,094219,98.530000000,100
AAPL,0,20160126,094219,98.530000000,744
AAPL,0,20160126,094219,98.560000000,100
AAPL,0,20160126,094220,98.560000000,100
AAPL,0,20160126,094220,98.570000000,200
AAPL,0,20160126,094225,98.600000000,200
AAPL,0,20160126,094225,98.620000000,100
AAPL,0,20160126,094225,98.620000000,100
AAPL,0,20160126,094226,98.620000000,100
AAPL,0,20160126,094226,98.620000000,400
AAPL,0,20160126,094226,98.620000000,100
AAPL,0,20160126,094227,98.620000000,100
AAPL,0,20160126,094227,98.620000000,100
AAPL,0,20160126,094230,98.640000000,100
AAPL,0,20160126,094230,98.650000000,100
AAPL,0,20160126,094230,98.650000000,100
AAPL,0,20160126,094231,98.660000000,100
AAPL,0,20160126,094231,98.670000000,100
AAPL,0,20160126,094231,98.670000000,100
AAPL,0,20160126,094231,98.670000000,100
AAPL,0,20160126,094231,98.670000000,300
AAPL,0,20160126,094231,98.680000000,100
AAPL,0,20160126,094231,98.680000000,155
AAPL,0,20160126,094236,98.680000000,100
AAPL,0,20160126,094239,98.720000000,100
AAPL,0,20160126,094241,98.710000000,200
AAPL,0,20160126,094241,98.710000000,100
AAPL,0,20160126,094244,98.700000000,100
AAPL,0,20160126,094249,98.750000000,100
AAPL,0,20160126,094250,98.800000000,100
AAPL,0,20160126,094252,98.770000000,100
AAPL,0,20160126,094252,98.770000000,100
AAPL,0,20160126,094252,98.780000000,100
AAPL,0,20160126,094252,98.780000000,100
AAPL,0,20160126,094252,98.780000000,100
AAPL,0,20160126,094252,98.760000000,100
AAPL,0,20160126,094252,98.750000000,100
AAPL,0,20160126,094252,98.750000000,100
AAPL,0,20160126,094255,98.740000000,200
AAPL,0,20160126,094255,98.730000000,100
AAPL,0,20160126,094255,98.740000000,100
AAPL,0,20160126,094257,98.760000000,200
AAPL,0,20160126,094257,98.760000000,100
AAPL,0,20160126,094257,98.760000000,100
AAPL,0,20160126,094257,98.760000000,100
AAPL,0,20160126,094258,98.740000000,100
AAPL,0,20160126,094259,98.730000000,100
AAPL,0,20160126,094301,98.740000000,100
AAPL,0,20160126,094301,98.740000000,100
AAPL,0,20160126,094301,98.740000000,100
AAPL,0,20160126,094301,98.740000000,100
AAPL,0,20160126,094301,98.750000000,100
AAPL,0,20160126,094301,98.750000000,100
AAPL,0,20160126,094302,98.760000000,100
AAPL,0,20160126,094302,98.760000000,100
AAPL,0,20160126,094303,98.750000000,100
AAPL,0,20160126,094303,98.740000000,200
AAPL,0,20160126,094303,98.740000000,100
AAPL,0,20160126,094303,98.760000000,100
AAPL,0,20160126,094303,98.760000000,100
AAPL,0,20160126,094304,98.770000000,100
AAPL,0,20160126,094305,98.760000000,100
AAPL,0,20160126,094306,98.770000000,100
AAPL,0,20160126,094306,98.750000000,100
AAPL,0,20160126,094307,98.740000000,100
AAPL,0,20160126,094307,98.740000000,100
AAPL,0,20160126,094307,98.740000000,100
AAPL,0,20160126,094307,98.740000000,100
AAPL,0,20160126,094307,98.740000000,200
AAPL,0,20160126,094307,98.740000000,100
AAPL,0,20160126,094307,98.740000000,100
AAPL,0,20160126,094307,98.740000000,100
AAPL,0,20160126,094307,98.740000000,100
AAPL,0,20160126,094310,98.750000000,100
AAPL,0,20160126,094310,98.750000000,100
AAPL,0,20160126,094310,98.750000000,100
AAPL,0,20160126,094311,98.760000000,100
AAPL,0,20160126,094311,98.760000000,100
AAPL,0,20160126,094316,98.770000000,200
AAPL,0,20160126,094317,98.770000000,100
AAPL,0,20160126,094317,98.770000000,100
AAPL,0,20160126,094319,98.770000000,100
AAPL,0,20160126,094319,98.760000000,100
AAPL,0,20160126,094322,98.760000000,100
AAPL,0,20160126,094322,98.770000000,100
AAPL,0,20160126,094324,98.780000000,200
AAPL,0,20160126,094324,98.780000000,100
AAPL,0,20160126,094326,98.770000000,100
AAPL,0,20160126,094326,98.780000000,100
AAPL,0,20160126,094326,98.780000000,200
AAPL,0,20160126,094328,98.780000000,100
AAPL,0,20160126,094328,98.780000000,100
AAPL,0,20160126,094328,98.780000000,100
AAPL,0,20160126,094329,98.760000000,100
AAPL,0,20160126,094329,98.760000000,100
AAPL,0,20160126,094329,98.750000000,200
AAPL,0,20160126,094330,98.750000000,100
AAPL,0,20160126,094330,98.740000000,100
AAPL,0,20160126,094334,98.740000000,100
AAPL,0,20160126,094334,98.760000000,100
AAPL,0,20160126,094335,98.770000000,100
AAPL,0,20160126,094336,98.780000000,100
AAPL,0,20160126,094336,98.770000000,200
AAPL,0,20160126,094336,98.770000000,100
AAPL,0,20160126,094337,98.770000000,100
AAPL,0,20160126,094339,98.780000000,100
AAPL,0,20160126,094340,98.770000000,200
AAPL,0,20160126,094342,98.770000000,100
AAPL,0,20160126,094343,98.760000000,100
AAPL,0,20160126,094345,98.780000000,100
AAPL,0,20160126,094345,98.780000000,100
AAPL,0,20160126,094345,98.780000000,200
AAPL,0,20160126,094345,98.780000000,100
AAPL,0,20160126,094345,98.780000000,100
AAPL,0,20160126,094349,98.760000000,100
AAPL,0,20160126,094349,98.760000000,200
AAPL,0,20160126,094349,98.740000000,100
AAPL,0,20160126,094349,98.730000000,100
AAPL,0,20160126,094351,98.730000000,100
AAPL,0,20160126,094351,98.720000000,100
AAPL,0,20160126,094351,98.720000000,200
AAPL,0,20160126,094353,98.740000000,100
AAPL,0,20160126,094353,98.740000000,100
AAPL,0,20160126,094354,98.780000000,100
AAPL,0,20160126,094354,98.770000000,100
AAPL,0,20160126,094354,98.770000000,100
AAPL,0,20160126,094354,98.770000000,100
AAPL,0,20160126,094354,98.770000000,100
AAPL,0,20160126,094355,98.780000000,100
AAPL,0,20160126,094358,98.775000000,200
AAPL,0,20160126,094358,98.775000000,200
AAPL,0,20160126,094358,98.770000000,100
AAPL,0,20160126,094358,98.770000000,100
AAPL,0,20160126,094359,98.765000000,200
AAPL,0,20160126,094359,98.755000000,100
AAPL,0,20160126,094359,98.750000000,100
AAPL,0,20160126,094359,98.750000000,100
AAPL,0,20160126,094402,98.740000000,100
AAPL,0,20160126,094405,98.740000000,200
AAPL,0,20160126,094405,98.740000000,100
AAPL,0,20160126,094405,98.740000000,134
AAPL,0,20160126,094408,98.785000000,200
AAPL,0,20160126,094408,98.780000000,200
AAPL,0,20160126,094408,98.780000000,100
AAPL,0,20160126,094408,98.780000000,100
AAPL,0,20160126,094409,98.780000000,216
AAPL,0,20160126,094409,98.780000000,100
AAPL,0,20160126,094410,98.780000000,100
AAPL,0,20160126,094410,98.780000000,100
AAPL,0,20160126,094413,98.785000000,100
AAPL,0,20160126,094413,98.785000000,200
AAPL,0,20160126,094413,98.785000000,100
AAPL,0,20160126,094413,98.785000000,100
AAPL,0,20160126,094414,98.785000000,100
AAPL,0,20160126,094414,98.785000000,100
AAPL,0,20160126,094414,98.785000000,100
AAPL,0,20160126,094414,98.785000000,100
AAPL,0,20160126,094416,98.785000000,100
AAPL,0,20160126,094417,98.760000000,100
AAPL,0,20160126,094417,98.760000000,100
AAPL,0,20160126,094420,98.780000000,100
AAPL,0,20160126,094421,98.785000000,200
AAPL,0,20160126,094421,98.785000000,200
AAPL,0,20160126,094421,98.785000000,100
AAPL,0,20160126,094421,98.785000000,100
AAPL,0,20160126,094421,98.785000000,100
AAPL,0,20160126,094421,98.790000000,100
AAPL,0,20160126,094421,98.800000000,100
AAPL,0,20160126,094423,98.810000000,100
AAPL,0,20160126,094423,98.830000000,100
AAPL,0,20160126,094423,98.830000000,100
AAPL,0,20160126,094424,98.820000000,157
AAPL,0,20160126,094425,98.850000000,100
AAPL,0,20160126,094425,98.850000000,100
AAPL,0,20160126,094425,98.850000000,100
AAPL,0,20160126,094425,98.850000000,100
AAPL,0,20160126,094425,98.870000000,104
AAPL,0,20160126,094425,98.870000000,200
AAPL,0,20160126,094425,98.880000000,100
AAPL,0,20160126,094427,98.840000000,100
AAPL,0,20160126,094428,98.830000000,100
AAPL,0,20160126,094429,98.825000000,300
AAPL,0,20160126,094430,98.830000000,100
AAPL,0,20160126,094430,98.830000000,100
AAPL,0,20160126,094430,98.830000000,100
AAPL,0,20160126,094430,98.830000000,200
AAPL,0,20160126,094430,98.830000000,100
AAPL,0,20160126,094430,98.830000000,100
AAPL,0,20160126,094430,98.835000000,200
AAPL,0,20160126,094430,98.840000000,150
AAPL,0,20160126,094433,98.860000000,100
AAPL,0,20160126,094433,98.860000000,100
AAPL,0,20160126,094433,98.860000000,100
AAPL,0,20160126,094433,98.860000000,100
AAPL,0,20160126,094433,98.890000000,100
AAPL,0,20160126,094433,98.890000000,100
AAPL,0,20160126,094433,98.890000000,100
AAPL,0,20160126,094433,98.900000000,100
AAPL,0,20160126,094433,98.900000000,100
AAPL,0,20160126,094433,98.900000000,100
AAPL,0,20160126,094433,98.910000000,100
AAPL,0,20160126,094433,98.910000000,400
AAPL,0,20160126,094433,98.910000000,100
AAPL,0,20160126,094433,98.920000000,100
AAPL,0,20160126,094433,98.920000000,400
AAPL,0,20160126,094433,98.900000000,200
AAPL,0,20160126,094434,98.905000000,100
AAPL,0,20160126,094434,98.910000000,100
AAPL,0,20160126,094434,98.910000000,100
AAPL,0,20160126,094434,98.910000000,100
AAPL,0,20160126,094434,98.890000000,100
AAPL,0,20160126,094434,98.890000000,100
AAPL,0,20160126,094434,98.890000000,100
AAPL,0,20160126,094434,98.905000000,850
AAPL,0,20160126,094434,98.920000000,100
AAPL,0,20160126,094434,98.930000000,100
AAPL,0,20160126,094434,98.930000000,100
AAPL,0,20160126,094434,98.930000000,100
AAPL,0,20160126,094434,98.940000000,100
AAPL,0,20160126,094434,98.940000000,100
AAPL,0,20160126,094434,98.940000000,100
AAPL,0,20160126,094434,98.940000000,100
AAPL,0,20160126,094435,98.900000000,100
AAPL,0,20160126,094436,98.870000000,100
AAPL,0,20160126,094436,98.870000000,100
AAPL,0,20160126,094436,98.870000000,100
AAPL,0,20160126,094436,98.870000000,100
AAPL,0,20160126,094443,98.815000000,1250
AAPL,0,20160126,094443,98.820000000,100
AAPL,0,20160126,094443,98.830000000,100
AAPL,0,20160126,094443,98.840000000,100
AAPL,0,20160126,094443,98.840000000,100
AAPL,0,20160126,094443,98.840000000,100
AAPL,0,20160126,094443,98.840000000,100
AAPL,0,20160126,094443,98.860000000,200
AAPL,0,20160126,094443,98.870000000,100
AAPL,0,20160126,094443,98.870000000,100
AAPL,0,20160126,094443,98.870000000,100
AAPL,0,20160126,094443,98.870000000,100
AAPL,0,20160126,094443,98.870000000,100
AAPL,0,20160126,094443,98.870000000,100
AAPL,0,20160126,094443,98.870000000,200
AAPL,0,20160126,094443,98.870000000,100
AAPL,0,20160126,094447,98.840000000,1250
AAPL,0,20160126,094448,98.850000000,100
AAPL,0,20160126,094451,98.870000000,100
AAPL,0,20160126,094451,98.870000000,100
AAPL,0,20160126,094452,98.880000000,100
AAPL,0,20160126,094453,98.880000000,100
AAPL,0,20160126,094453,98.880000000,100
AAPL,0,20160126,094453,98.880000000,100
AAPL,0,20160126,094454,98.900000000,100
AAPL,0,20160126,094454,98.900000000,100
AAPL,0,20160126,094457,98.900000000,100
AAPL,0,20160126,094459,98.910000000,100
AAPL,0,20160126,094500,98.920000000,100
AAPL,0,20160126,094501,98.930000000,100
AAPL,0,20160126,094502,98.930000000,100
AAPL,0,20160126,094502,98.945000000,100
AAPL,0,20160126,094502,98.950000000,100
AAPL,0,20160126,094502,98.950000000,100
AAPL,0,20160126,094503,98.945000000,200
AAPL,0,20160126,094503,98.950000000,100
AAPL,0,20160126,094504,98.960000000,100
AAPL,0,20160126,094506,98.945000000,100
AAPL,0,20160126,094506,98.945000000,100
AAPL,0,20160126,094506,98.940000000,100
AAPL,0,20160126,094506,98.930000000,100
AAPL,0,20160126,094508,98.900000000,1200
AAPL,0,20160126,094509,98.910000000,100
AAPL,0,20160126,094509,98.930000000,100
AAPL,0,20160126,094512,98.930000000,100
AAPL,0,20160126,094512,98.930000000,100
AAPL,0,20160126,094512,98.930000000,500
AAPL,0,20160126,094512,98.930000000,100
AAPL,0,20160126,094512,98.900000000,100
AAPL,0,20160126,094513,98.920000000,100
AAPL,0,20160126,094515,98.920000000,100
AAPL,0,20160126,094518,98.850000000,100
AAPL,0,20160126,094518,98.840000000,100
AAPL,0,20160126,094519,98.850000000,100
AAPL,0,20160126,094519,98.850000000,100
AAPL,0,20160126,094519,98.860000000,100
AAPL,0,20160126,094519,98.865000000,100
AAPL,0,20160126,094519,98.840000000,100
AAPL,0,20160126,094519,98.830000000,100
AAPL,0,20160126,094520,98.850000000,100
AAPL,0,20160126,094521,98.850000000,100
AAPL,0,20160126,094522,98.850000000,100
AAPL,0,20160126,094522,98.860000000,100
AAPL,0,20160126,094523,98.840000000,100
AAPL,0,20160126,094523,98.840000000,100
AAPL,0,20160126,094524,98.820000000,600
AAPL,0,20160126,094526,98.810000000,135
AAPL,0,20160126,094528,98.820000000,100
AAPL,0,20160126,094528,98.820000000,100
AAPL,0,20160126,094528,98.820000000,100
AAPL,0,20160126,094528,98.850000000,100
AAPL,0,20160126,094528,98.850000000,100
AAPL,0,20160126,094528,98.860000000,100
AAPL,0,20160126,094528,98.860000000,100
AAPL,0,20160126,094528,98.860000000,100
AAPL,0,20160126,094528,98.850000000,100
AAPL,0,20160126,094529,98.850000000,100
AAPL,0,20160126,094530,98.870000000,100
AAPL,0,20160126,094532,98.830000000,200
AAPL,0,20160126,094533,98.840000000,200
AAPL,0,20160126,094533,98.845000000,300
AAPL,0,20160126,094533,98.845000000,164
AAPL,0,20160126,094533,98.845000000,100
AAPL,0,20160126,094533,98.845000000,100
AAPL,0,20160126,094533,98.845000000,100
AAPL,0,20160126,094533,98.845000000,145
AAPL,0,20160126,094534,98.840000000,100
AAPL,0,20160126,094534,98.835000000,141
AAPL,0,20160126,094534,98.850000000,100
AAPL,0,20160126,094534,98.860000000,100
AAPL,0,20160126,094534,98.870000000,100
AAPL,0,20160126,094534,98.870000000,200
AAPL,0,20160126,094534,98.880000000,165
AAPL,0,20160126,094535,98.860000000,100
AAPL,0,20160126,094535,98.860000000,100
AAPL,0,20160126,094535,98.850000000,100
AAPL,0,20160126,094535,98.850000000,100
AAPL,0,20160126,094538,98.810000000,100
AAPL,0,20160126,094538,98.810000000,100
AAPL,0,20160126,094538,98.810000000,100
AAPL,0,20160126,094538,98.800000000,200
AAPL,0,20160126,094538,98.800000000,100
AAPL,0,20160126,094538,98.800000000,200
AAPL,0,20160126,094539,98.780000000,100
AAPL,0,20160126,094539,98.780000000,100
AAPL,0,20160126,094540,98.800000000,100
AAPL,0,20160126,094540,98.800000000,100
AAPL,0,20160126,094540,98.805000000,200
AAPL,0,20160126,094540,98.805000000,145
AAPL,0,20160126,094540,98.805000000,100
AAPL,0,20160126,094541,98.770000000,100
AAPL,0,20160126,094542,98.780000000,100
AAPL,0,20160126,094544,98.760000000,100
AAPL,0,20160126,094546,98.750000000,100
AAPL,0,20160126,094546,98.760000000,100
AAPL,0,20160126,094546,98.760000000,100
AAPL,0,20160126,094546,98.760000000,100
AAPL,0,20160126,094546,98.750000000,100
AAPL,0,20160126,094546,98.750000000,100
AAPL,0,20160126,094546,98.750000000,100
AAPL,0,20160126,094546,98.750000000,100
AAPL,0,20160126,094546,98.750000000,100
AAPL,0,20160126,094547,98.750000000,100
AAPL,0,20160126,094547,98.740000000,100
AAPL,0,20160126,094547,98.740000000,100
AAPL,0,20160126,094547,98.740000000,100
AAPL,0,20160126,094548,98.740000000,200
AAPL,0,20160126,094548,98.740000000,200
AAPL,0,20160126,094548,98.730000000,100
AAPL,0,20160126,094549,98.730000000,100
AAPL,0,20160126,094550,98.720000000,100
AAPL,0,20160126,094550,98.730000000,100
AAPL,0,20160126,094552,98.710000000,100
AAPL,0,20160126,094552,98.710000000,100
AAPL,0,20160126,094552,98.710000000,100
AAPL,0,20160126,094553,98.725000000,101
AAPL,0,20160126,094553,98.725000000,100
AAPL,0,20160126,094553,98.710000000,100
AAPL,0,20160126,094553,98.710000000,200
AAPL,0,20160126,094553,98.720000000,200
AAPL,0,20160126,094553,98.720000000,100
AAPL,0,20160126,094553,98.720000000,100
AAPL,0,20160126,094553,98.725000000,100
AAPL,0,20160126,094553,98.725000000,100
AAPL,0,20160126,094553,98.725000000,100
AAPL,0,20160126,094553,98.720000000,100
AAPL,0,20160126,094555,98.725000000,100
AAPL,0,20160126,094556,98.725000000,100
AAPL,0,20160126,094556,98.725000000,100
AAPL,0,20160126,094556,98.720000000,200
AAPL,0,20160126,094556,98.720000000,200
AAPL,0,20160126,094556,98.720000000,100
AAPL,0,20160126,094556,98.720000000,200
AAPL,0,20160126,094556,98.720000000,800
AAPL,0,20160126,094556,98.720000000,100
AAPL,0,20160126,094556,98.720000000,200
AAPL,0,20160126,094556,98.730000000,100
AAPL,0,20160126,094556,98.730000000,100
AAPL,0,20160126,094556,98.730000000,100
AAPL,0,20160126,094556,98.730000000,100
AAPL,0,20160126,094556,98.730000000,100
AAPL,0,20160126,094556,98.730000000,100
AAPL,0,20160126,094556,98.730000000,100
AAPL,0,20160126,094558,98.780000000,100
AAPL,0,20160126,094559,98.770000000,100
AAPL,0,20160126,094559,98.770000000,100
AAPL,0,20160126,094559,98.770000000,100
AAPL,0,20160126,094559,98.780000000,100
AAPL,0,20160126,094559,98.780000000,200
AAPL,0,20160126,094559,98.780000000,100
AAPL,0,20160126,094559,98.780000000,100
AAPL,0,20160126,094559,98.780000000,100
AAPL,0,20160126,094559,98.770000000,100
AAPL,0,20160126,094559,98.770000000,100
AAPL,0,20160126,094601,98.740000000,100
AAPL,0,20160126,094601,98.730000000,100
AAPL,0,20160126,094601,98.730000000,100
AAPL,0,20160126,094601,98.730000000,100
AAPL,0,20160126,094601,98.720000000,100
AAPL,0,20160126,094601,98.720000000,100
AAPL,0,20160126,094601,98.710000000,100
AAPL,0,20160126,094601,98.690000000,100
AAPL,0,20160126,094601,98.690000000,200
AAPL,0,20160126,094601,98.690000000,100
AAPL,0,20160126,094601,98.690000000,100
AAPL,0,20160126,094601,98.690000000,100
AAPL,0,20160126,094601,98.690000000,100
AAPL,0,20160126,094602,98.710000000,100
AAPL,0,20160126,094603,98.710000000,110
AAPL,0,20160126,094603,98.680000000,500
AAPL,0,20160126,094603,98.670000000,100
AAPL,0,20160126,094603,98.680000000,100
AAPL,0,20160126,094604,98.660000000,100
AAPL,0,20160126,094604,98.670000000,100
AAPL,0,20160126,094604,98.670000000,100
AAPL,0,20160126,094605,98.670000000,100
AAPL,0,20160126,094605,98.670000000,100
AAPL,0,20160126,094605,98.680000000,100
AAPL,0,20160126,094605,98.680000000,100
AAPL,0,20160126,094606,98.690000000,100
AAPL,0,20160126,094606,98.690000000,100
AAPL,0,20160126,094606,98.680000000,100
AAPL,0,20160126,094606,98.680000000,458
AAPL,0,20160126,094606,98.690000000,100
AAPL,0,20160126,094607,98.690000000,238
AAPL,0,20160126,094608,98.680000000,200
AAPL,0,20160126,094608,98.660000000,100
AAPL,0,20160126,094608,98.660000000,100
AAPL,0,20160126,094609,98.660000000,200
AAPL,0,20160126,094609,98.660000000,100
AAPL,0,20160126,094609,98.650000000,100
AAPL,0,20160126,094609,98.650000000,100
AAPL,0,20160126,094609,98.640000000,100
AAPL,0,20160126,094609,98.660000000,100
AAPL,0,20160126,094609,98.660000000,100
AAPL,0,20160126,094609,98.660000000,100
AAPL,0,20160126,094609,98.640000000,200
AAPL,0,20160126,094609,98.630000000,100
AAPL,0,20160126,094609,98.620000000,100
AAPL,0,20160126,094610,98.610000000,100
AAPL,0,20160126,094610,98.610000000,233
AAPL,0,20160126,094612,98.580000000,100
AAPL,0,20160126,094613,98.570000000,150
AAPL,0,20160126,094613,98.590000000,100
AAPL,0,20160126,094613,98.570000000,100
AAPL,0,20160126,094613,98.570000000,100
AAPL,0,20160126,094613,98.580000000,100
AAPL,0,20160126,094613,98.550000000,100
AAPL,0,20160126,094613,98.550000000,100
AAPL,0,20160126,094613,98.550000000,100
AAPL,0,20160126,094613,98.560000000,100
AAPL,0,20160126,094614,98.570000000,100
AAPL,0,20160126,094614,98.570000000,100
AAPL,0,20160126,094614,98.570000000,100
AAPL,0,20160126,094615,98.600000000,100
AAPL,0,20160126,094615,98.590000000,100
AAPL,0,20160126,094615,98.590000000,200
AAPL,0,20160126,094615,98.600000000,100
AAPL,0,20160126,094615,98.600000000,100
AAPL,0,20160126,094615,98.600000000,100
AAPL,0,20160126,094615,98.580000000,100
AAPL,0,20160126,094615,98.570000000,100
AAPL,0,20160126,094616,98.570000000,250
AAPL,0,20160126,094617,98.550000000,100
AAPL,0,20160126,094617,98.560000000,100
AAPL,0,20160126,094619,98.570000000,100
AAPL,0,20160126,094619,98.570000000,100
AAPL,0,20160126,094619,98.580000000,100
AAPL,0,20160126,094621,98.590000000,100
AAPL,0,20160126,094621,98.590000000,100
AAPL,0,20160126,094621,98.580000000,100
AAPL,0,20160126,094624,98.600000000,100
AAPL,0,20160126,094624,98.600000000,300
AAPL,0,20160126,094624,98.600000000,100
AAPL,0,20160126,094624,98.610000000,100
AAPL,0,20160126,094624,98.610000000,200
AAPL,0,20160126,094624,98.610000000,100
AAPL,0,20160126,094624,98.620000000,100
AAPL,0,20160126,094625,98.620000000,100
AAPL,0,20160126,094625,98.640000000,100
AAPL,0,20160126,094626,98.640000000,100
AAPL,0,20160126,094627,98.610000000,200
AAPL,0,20160126,094628,98.570000000,100
AAPL,0,20160126,094633,98.580000000,200
AAPL,0,20160126,094633,98.560000000,100
AAPL,0,20160126,094634,98.560000000,100
AAPL,0,20160126,094635,98.590000000,100
AAPL,0,20160126,094636,98.610000000,100
AAPL,0,20160126,094638,98.600000000,100
AAPL,0,20160126,094643,98.580000000,100
AAPL,0,20160126,094643,98.580000000,100
AAPL,0,20160126,094645,98.570000000,146
AAPL,0,20160126,094645,98.570000000,200
AAPL,0,20160126,094645,98.570000000,100
AAPL,0,20160126,094645,98.570000000,100
AAPL,0,20160126,094645,98.570000000,100
AAPL,0,20160126,094645,98.570000000,100
AAPL,0,20160126,094646,98.550000000,100
AAPL,0,20160126,094649,98.540000000,100
AAPL,0,20160126,094650,98.540000000,200
AAPL,0,20160126,094650,98.540000000,100
AAPL,0,20160126,094650,98.540000000,100
AAPL,0,20160126,094650,98.550000000,100
AAPL,0,20160126,094650,98.550000000,100
AAPL,0,20160126,094654,98.560000000,100
AAPL,0,20160126,094654,98.560000000,100
AAPL,0,20160126,094654,98.560000000,100
AAPL,0,20160126,094654,98.570000000,100
AAPL,0,20160126,094654,98.570000000,100
AAPL,0,20160126,094656,98.580000000,100
AAPL,0,20160126,094657,98.560000000,100
AAPL,0,20160126,094659,98.580000000,200
AAPL,0,20160126,094659,98.580000000,100
AAPL,0,20160126,094659,98.580000000,100
AAPL,0,20160126,094659,98.580000000,100
AAPL,0,20160126,094659,98.570000000,100
