<TICKER>,<PER>,<DATE>,<TIME>,<LAST>,<VOL>
GAZP,0,20160126,095945,131.000000000,20
GAZP,0,20160126,095945,131.000000000,20
GAZP,0,20160126,095945,131.000000000,100
GAZP,0,20160126,095945,131.000000000,80
GAZP,0,20160126,095945,131.000000000,10000
GAZP,0,20160126,095945,131.000000000,3000
GAZP,0,20160126,095945,131.000000000,10
GAZP,0,20160126,095945,131.000000000,10
GAZP,0,20160126,095945,131.000000000,10
GAZP,0,20160126,095945,131.000000000,50
GAZP,0,20160126,095945,131.000000000,1000
GAZP,0,20160126,095945,131.000000000,1000
GAZP,0,20160126,095945,131.000000000,1000
GAZP,0,20160126,095945,131.000000000,50
GAZP,0,20160126,095945,131.000000000,20
GAZP,0,20160126,095945,131.000000000,10
GAZP,0,20160126,095945,131.000000000,600
GAZP,0,20160126,095945,131.000000000,100
GAZP,0,20160126,095945,131.000000000,640
GAZP,0,20160126,095945,131.000000000,10
GAZP,0,20160126,095945,131.000000000,7130
GAZP,0,20160126,095945,131.000000000,200
GAZP,0,20160126,095945,131.000000000,10
GAZP,0,20160126,095945,131.000000000,10
GAZP,0,20160126,095945,131.000000000,140
GAZP,0,20160126,095945,131.000000000,20
GAZP,0,20160126,095945,131.000000000,120
GAZP,0,20160126,095945,131.000000000,3000
GAZP,0,20160126,095945,131.000000000,2130
GAZP,0,20160126,095945,131.000000000,10
GAZP,0,20160126,095945,131.000000000,10
GAZP,0,20160126,095945,131.000000000,10
GAZP,0,20160126,095945,131.000000000,100
GAZP,0,20160126,095945,131.000000000,10
GAZP,0,20160126,095945,131.000000000,50
GAZP,0,20160126,095945,131.000000000,10
GAZP,0,20160126,095945,131.000000000,150
GAZP,0,20160126,095945,131.000000000,10
GAZP,0,20160126,095945,131.000000000,60
GAZP,0,20160126,095945,131.000000000,20
GAZP,0,20160126,095945,131.000000000,10
GAZP,0,20160126,095945,131.000000000,60
GAZP,0,20160126,095945,131.000000000,10
GAZP,0,20160126,095945,131.000000000,1000
GAZP,0,20160126,095945,131.000000000,10
GAZP,0,20160126,095945,131.000000000,60
GAZP,0,20160126,095945,131.000000000,1000
GAZP,0,20160126,095945,131.000000000,2500
GAZP,0,20160126,095945,131.000000000,60
GAZP,0,20160126,095945,131.000000000,640
GAZP,0,20160126,095945,131.000000000,34860
GAZP,0,20160126,095945,131.000000000,280
GAZP,0,20160126,095945,131.000000000,60
GAZP,0,20160126,095945,131.000000000,1000
GAZP,0,20160126,095945,131.000000000,500
GAZP,0,20160126,095945,131.000000000,540
GAZP,0,20160126,095945,131.000000000,150
GAZP,0,20160126,095945,131.000000000,1000
GAZP,0,20160126,095945,131.000000000,250
GAZP,0,20160126,095945,131.000000000,400
GAZP,0,20160126,095945,131.000000000,500
GAZP,0,20160126,095945,131.000000000,510
GAZP,0,20160126,095945,131.000000000,500
GAZP,0,20160126,095945,131.000000000,500
GAZP,0,20160126,095945,131.000000000,10
GAZP,0,20160126,095945,131.000000000,100
GAZP,0,20160126,095945,131.000000000,50
GAZP,0,20160126,095945,131.000000000,10
GAZP,0,20160126,095945,131.000000000,3000
GAZP,0,20160126,095945,131.000000000,55780
GAZP,0,20160126,095945,131.000000000,10
GAZP,0,20160126,095945,131.000000000,10
GAZP,0,20160126,095945,131.000000000,60
GAZP,0,20160126,095945,131.000000000,10
GAZP,0,20160126,095945,131.000000000,100
GAZP,0,20160126,095945,131.000000000,60
GAZP,0,20160126,095945,131.000000000,50
GAZP,0,20160126,095945,131.000000000,60
GAZP,0,20160126,095945,131.000000000,10
GAZP,0,20160126,095945,131.000000000,20
GAZP,0,20160126,095945,131.000000000,20
GAZP,0,20160126,095945,131.000000000,9000
GAZP,0,20160126,095945,131.000000000,500
GAZP,0,20160126,095945,131.000000000,60
GAZP,0,20160126,095945,131.000000000,10
GAZP,0,20160126,095945,131.000000000,1500
GAZP,0,20160126,095945,131.000000000,7250
GAZP,0,20160126,095945,131.000000000,10
GAZP,0,20160126,095945,131.000000000,10
GAZP,0,20160126,095945,131.000000000,140
GAZP,0,20160126,095945,131.000000000,100
GAZP,0,20160126,095945,131.000000000,10
GAZP,0,20160126,095945,131.000000000,10
GAZP,0,20160126,095945,131.000000000,10
GAZP,0,20160126,095945,131.000000000,50
GAZP,0,20160126,095945,131.000000000,300
GAZP,0,20160126,095945,131.000000000,1910
GAZP,0,20160126,095945,131.000000000,60
GAZP,0,20160126,095945,131.000000000,100
GAZP,0,20160126,095945,131.000000000,10
GAZP,0,20160126,095945,131.000000000,50
GAZP,0,20160126,095945,131.000000000,640
GAZP,0,20160126,095945,131.000000000,10000
GAZP,0,20160126,095945,131.000000000,880
GAZP,0,20160126,095945,131.000000000,1000
GAZP,0,20160126,095945,131.000000000,1000
GAZP,0,20160126,095945,131.000000000,2000
GAZP,0,20160126,095945,131.000000000,10
GAZP,0,20160126,095945,131.000000000,10
GAZP,0,20160126,095945,131.000000000,10
GAZP,0,20160126,095945,131.000000000,10
GAZP,0,20160126,095945,131.000000000,100
GAZP,0,20160126,095945,131.000000000,7880
GAZP,0,20160126,095945,131.000000000,50
GAZP,0,20160126,095945,131.000000000,160
GAZP,0,20160126,095945,131.000000000,30
GAZP,0,20160126,095945,131.000000000,2000
GAZP,0,20160126,095945,131.000000000,10
GAZP,0,20160126,095945,131.000000000,1000
GAZP,0,20160126,095945,131.000000000,10
GAZP,0,20160126,095945,131.000000000,1000
GAZP,0,20160126,095945,131.000000000,150
GAZP,0,20160126,095945,131.000000000,600
GAZP,0,20160126,095945,131.000000000,10
GAZP,0,20160126,095945,131.000000000,200
GAZP,0,20160126,100000,131.000000000,90
GAZP,0,20160126,100000,131.000000000,10
GAZP,0,20160126,100000,131.000000000,200
GAZP,0,20160126,100000,131.000000000,70
GAZP,0,20160126,100000,130.990000000,10
GAZP,0,20160126,100000,130.990000000,10
GAZP,0,20160126,100000,130.990000000,20
GAZP,0,20160126,100000,131.000000000,700
GAZP,0,20160126,100000,131.000000000,100
GAZP,0,20160126,100000,131.000000000,100
GAZP,0,20160126,100000,131.000000000,100
GAZP,0,20160126,100000,131.000000000,2500
GAZP,0,20160126,100000,130.990000000,10
GAZP,0,20160126,100000,131.000000000,2500
GAZP,0,20160126,100000,131.000000000,4600
GAZP,0,20160126,100000,131.000000000,4900
GAZP,0,20160126,100000,131.000000000,110
GAZP,0,20160126,100000,131.000000000,2000
GAZP,0,20160126,100000,130.990000000,170
GAZP,0,20160126,100000,130.990000000,30
GAZP,0,20160126,100000,131.000000000,400
GAZP,0,20160126,100000,131.000000000,110
GAZP,0,20160126,100000,131.000000000,60
GAZP,0,20160126,100001,130.990000000,170
GAZP,0,20160126,100001,130.990000000,200
GAZP,0,20160126,100001,131.000000000,400
GAZP,0,20160126,100001,131.000000000,60
GAZP,0,20160126,100001,131.000000000,60
GAZP,0,20160126,100001,131.000000000,1200
GAZP,0,20160126,100001,131.000000000,500
GAZP,0,20160126,100001,131.000000000,600
GAZP,0,20160126,100001,131.000000000,300
GAZP,0,20160126,100001,131.000000000,2200
GAZP,0,20160126,100001,130.970000000,60
GAZP,0,20160126,100001,130.990000000,100
GAZP,0,20160126,100001,130.990000000,640
GAZP,0,20160126,100001,131.000000000,60
GAZP,0,20160126,100001,131.000000000,100
GAZP,0,20160126,100001,131.000000000,200
GAZP,0,20160126,100001,131.000000000,100
GAZP,0,20160126,100001,131.000000000,700
GAZP,0,20160126,100001,131.000000000,100
GAZP,0,20160126,100001,131.000000000,1700
GAZP,0,20160126,100001,131.000000000,3600
GAZP,0,20160126,100001,131.000000000,6500
GAZP,0,20160126,100001,131.000000000,160
GAZP,0,20160126,100001,131.000000000,1900
GAZP,0,20160126,100001,131.000000000,4970
GAZP,0,20160126,100001,131.000000000,100
GAZP,0,20160126,100001,131.000000000,1230
GAZP,0,20160126,100001,131.000000000,10
GAZP,0,20160126,100001,130.930000000,20
GAZP,0,20160126,100001,130.930000000,10
GAZP,0,20160126,100001,131.000000000,80
GAZP,0,20160126,100001,131.000000000,80
GAZP,0,20160126,100001,131.000000000,100
GAZP,0,20160126,100001,131.000000000,100
GAZP,0,20160126,100001,131.000000000,700
GAZP,0,20160126,100001,131.000000000,10
GAZP,0,20160126,100001,131.000000000,10
GAZP,0,20160126,100001,130.940000000,100
GAZP,0,20160126,100001,130.920000000,50
GAZP,0,20160126,100001,131.000000000,40
GAZP,0,20160126,100001,131.000000000,640
GAZP,0,20160126,100001,131.000000000,560
GAZP,0,20160126,100001,131.000000000,10
GAZP,0,20160126,100001,131.000000000,700
GAZP,0,20160126,100001,131.000000000,10
GAZP,0,20160126,100001,131.000000000,10
GAZP,0,20160126,100001,131.000000000,10
GAZP,0,20160126,100001,131.000000000,10
GAZP,0,20160126,100001,131.000000000,10
GAZP,0,20160126,100001,131.000000000,10
GAZP,0,20160126,100001,131.000000000,10
GAZP,0,20160126,100001,131.000000000,10
GAZP,0,20160126,100001,131.000000000,10
GAZP,0,20160126,100001,131.000000000,700
GAZP,0,20160126,100001,131.000000000,10
GAZP,0,20160126,100001,131.000000000,10
GAZP,0,20160126,100001,131.000000000,10
GAZP,0,20160126,100001,131.000000000,1700
GAZP,0,20160126,100001,131.000000000,1210
GAZP,0,20160126,100001,131.000000000,1150
GAZP,0,20160126,100001,131.000000000,840
GAZP,0,20160126,100001,131.000000000,10
GAZP,0,20160126,100001,131.000000000,20
GAZP,0,20160126,100001,131.000000000,10
GAZP,0,20160126,100001,131.000000000,10
GAZP,0,20160126,100001,131.000000000,10
GAZP,0,20160126,100001,131.000000000,10
GAZP,0,20160126,100001,130.940000000,10
GAZP,0,20160126,100001,130.940000000,190
GAZP,0,20160126,100001,130.930000000,140
GAZP,0,20160126,100001,130.920000000,10
GAZP,0,20160126,100001,130.920000000,140
GAZP,0,20160126,100001,130.910000000,500
GAZP,0,20160126,100001,130.900000000,10
GAZP,0,20160126,100001,130.870000000,80
GAZP,0,20160126,100001,130.860000000,10
GAZP,0,20160126,100001,130.850000000,10
GAZP,0,20160126,100001,130.840000000,5000
GAZP,0,20160126,100001,130.820000000,10
GAZP,0,20160126,100001,130.820000000,100
GAZP,0,20160126,100001,130.820000000,80
GAZP,0,20160126,100001,130.800000000,160
GAZP,0,20160126,100001,130.800000000,2000
GAZP,0,20160126,100001,130.800000000,300
GAZP,0,20160126,100001,130.770000000,80
GAZP,0,20160126,100001,130.770000000,50
GAZP,0,20160126,100001,130.750000000,100
GAZP,0,20160126,100001,130.740000000,500
GAZP,0,20160126,100001,130.740000000,120
GAZP,0,20160126,100001,130.730000000,10
GAZP,0,20160126,100001,130.730000000,3820
GAZP,0,20160126,100001,130.720000000,80
GAZP,0,20160126,100001,130.720000000,10
GAZP,0,20160126,100001,130.720000000,10
GAZP,0,20160126,100001,130.720000000,5980
GAZP,0,20160126,100001,130.710000000,10
GAZP,0,20160126,100001,130.700000000,20
GAZP,0,20160126,100001,130.700000000,10
GAZP,0,20160126,100001,130.700000000,20
GAZP,0,20160126,100001,130.700000000,200
GAZP,0,20160126,100001,130.670000000,50
GAZP,0,20160126,100001,130.670000000,10
GAZP,0,20160126,100001,130.660000000,20
GAZP,0,20160126,100001,130.660000000,60
GAZP,0,20160126,100001,130.650000000,200
GAZP,0,20160126,100001,130.650000000,1300
GAZP,0,20160126,100001,130.620000000,10
GAZP,0,20160126,100001,130.620000000,50
GAZP,0,20160126,100001,130.600000000,10
GAZP,0,20160126,100001,130.600000000,530
GAZP,0,20160126,100001,130.600000000,20
GAZP,0,20160126,100001,130.600000000,160
GAZP,0,20160126,100001,130.600000000,200
GAZP,0,20160126,100001,130.590000000,10
GAZP,0,20160126,100001,130.570000000,50
GAZP,0,20160126,100001,130.570000000,200
GAZP,0,20160126,100001,130.560000000,100
GAZP,0,20160126,100001,130.550000000,800
GAZP,0,20160126,100001,130.540000000,10
GAZP,0,20160126,100001,130.530000000,2950
GAZP,0,20160126,100001,130.990000000,10
GAZP,0,20160126,100001,130.530000000,40
GAZP,0,20160126,100001,130.950000000,1200
GAZP,0,20160126,100001,130.780000000,1810
GAZP,0,20160126,100001,130.830000000,1900
GAZP,0,20160126,100001,130.840000000,100
GAZP,0,20160126,100001,130.840000000,100
GAZP,0,20160126,100001,130.840000000,100
GAZP,0,20160126,100001,130.840000000,100
GAZP,0,20160126,100001,130.840000000,1000
GAZP,0,20160126,100001,130.840000000,500
GAZP,0,20160126,100001,130.710000000,10
GAZP,0,20160126,100001,130.710000000,40
GAZP,0,20160126,100001,130.540000000,100
GAZP,0,20160126,100001,130.530000000,10
GAZP,0,20160126,100001,130.530000000,50
GAZP,0,20160126,100001,130.990000000,500
GAZP,0,20160126,100001,130.530000000,50
GAZP,0,20160126,100001,130.530000000,4880
GAZP,0,20160126,100001,130.520000000,50
GAZP,0,20160126,100001,130.520000000,10
GAZP,0,20160126,100001,130.520000000,660
GAZP,0,20160126,100001,130.700000000,700
GAZP,0,20160126,100001,130.520000000,8000
GAZP,0,20160126,100001,130.550000000,200
GAZP,0,20160126,100001,130.550000000,200
GAZP,0,20160126,100001,130.550000000,500
GAZP,0,20160126,100002,130.550000000,20
GAZP,0,20160126,100002,130.550000000,10
GAZP,0,20160126,100002,130.520000000,900
GAZP,0,20160126,100002,130.520000000,250
GAZP,0,20160126,100002,130.520000000,190
GAZP,0,20160126,100002,130.520000000,60
GAZP,0,20160126,100002,130.550000000,1500
GAZP,0,20160126,100002,130.520000000,140
GAZP,0,20160126,100002,130.520000000,1120
GAZP,0,20160126,100002,130.550000000,330
GAZP,0,20160126,100002,130.520000000,300
GAZP,0,20160126,100002,130.550000000,300
GAZP,0,20160126,100002,130.540000000,430
GAZP,0,20160126,100002,130.520000000,70
GAZP,0,20160126,100002,130.550000000,10
GAZP,0,20160126,100002,130.550000000,4930
GAZP,0,20160126,100002,130.700000000,200
GAZP,0,20160126,100002,130.530000000,370
GAZP,0,20160126,100002,130.520000000,10
GAZP,0,20160126,100002,130.510000000,120
GAZP,0,20160126,100002,130.520000000,10
GAZP,0,20160126,100002,130.520000000,290
GAZP,0,20160126,100002,130.510000000,210
GAZP,0,20160126,100002,130.510000000,500
GAZP,0,20160126,100002,130.700000000,990
GAZP,0,20160126,100002,130.700000000,2010
GAZP,0,20160126,100002,130.820000000,600
GAZP,0,20160126,100002,130.530000000,100
GAZP,0,20160126,100002,130.510000000,10
GAZP,0,20160126,100002,130.800000000,3790
GAZP,0,20160126,100002,130.530000000,40
GAZP,0,20160126,100002,130.790000000,40
GAZP,0,20160126,100002,130.520000000,40
GAZP,0,20160126,100002,130.510000000,60
GAZP,0,20160126,100002,130.510000000,10
GAZP,0,20160126,100002,130.510000000,20
GAZP,0,20160126,100002,130.590000000,10
GAZP,0,20160126,100002,130.790000000,50
GAZP,0,20160126,100002,130.690000000,50
GAZP,0,20160126,100002,130.690000000,1470
GAZP,0,20160126,100002,130.530000000,50
GAZP,0,20160126,100002,130.520000000,530
GAZP,0,20160126,100002,130.510000000,420
GAZP,0,20160126,100002,130.520000000,2500
GAZP,0,20160126,100002,130.510000000,650
GAZP,0,20160126,100002,130.510000000,200
GAZP,0,20160126,100002,130.500000000,100
GAZP,0,20160126,100002,130.500000000,10
GAZP,0,20160126,100002,130.500000000,60
GAZP,0,20160126,100002,130.500000000,150
GAZP,0,20160126,100002,130.500000000,300
GAZP,0,20160126,100002,130.500000000,50
GAZP,0,20160126,100002,130.500000000,1000
GAZP,0,20160126,100002,130.500000000,30
GAZP,0,20160126,100002,130.480000000,200
GAZP,0,20160126,100002,130.470000000,50
GAZP,0,20160126,100002,130.460000000,10
GAZP,0,20160126,100002,130.450000000,50
GAZP,0,20160126,100002,130.430000000,20
GAZP,0,20160126,100002,130.430000000,500
GAZP,0,20160126,100002,130.420000000,510
GAZP,0,20160126,100002,130.420000000,400
GAZP,0,20160126,100002,130.420000000,100
GAZP,0,20160126,100002,130.420000000,50
GAZP,0,20160126,100002,130.420000000,140
GAZP,0,20160126,100002,130.420000000,10
GAZP,0,20160126,100002,130.420000000,500
GAZP,0,20160126,100002,130.420000000,60
GAZP,0,20160126,100003,130.790000000,10
GAZP,0,20160126,100003,130.770000000,150
GAZP,0,20160126,100003,130.690000000,200
GAZP,0,20160126,100003,130.690000000,200
GAZP,0,20160126,100003,130.690000000,200
GAZP,0,20160126,100003,130.540000000,50
GAZP,0,20160126,100003,130.410000000,550
GAZP,0,20160126,100003,130.410000000,300
GAZP,0,20160126,100003,130.740000000,150
GAZP,0,20160126,100003,130.770000000,220
GAZP,0,20160126,100003,130.490000000,100
GAZP,0,20160126,100003,130.840000000,1000
GAZP,0,20160126,100003,130.690000000,200
GAZP,0,20160126,100003,130.480000000,190
GAZP,0,20160126,100003,130.480000000,100
GAZP,0,20160126,100003,130.840000000,2500
GAZP,0,20160126,100003,130.840000000,690
GAZP,0,20160126,100003,130.960000000,70
GAZP,0,20160126,100003,130.990000000,10
GAZP,0,20160126,100003,130.990000000,7630
GAZP,0,20160126,100003,130.990000000,7640
GAZP,0,20160126,100003,131.000000000,580
GAZP,0,20160126,100003,131.000000000,880
GAZP,0,20160126,100003,130.990000000,5000
GAZP,0,20160126,100003,131.000000000,25000
GAZP,0,20160126,100003,130.490000000,300
GAZP,0,20160126,100003,130.490000000,100
GAZP,0,20160126,100003,130.480000000,1100
GAZP,0,20160126,100004,130.700000000,200
GAZP,0,20160126,100004,130.770000000,200
GAZP,0,20160126,100004,130.920000000,800
GAZP,0,20160126,100004,130.700000000,40
GAZP,0,20160126,100004,130.700000000,10
GAZP,0,20160126,100004,130.700000000,10
GAZP,0,20160126,100004,130.910000000,200
GAZP,0,20160126,100004,130.700000000,240
GAZP,0,20160126,100004,130.660000000,700
GAZP,0,20160126,100004,130.480000000,1320
GAZP,0,20160126,100004,130.470000000,300
GAZP,0,20160126,100004,130.400000000,10
GAZP,0,20160126,100004,130.380000000,7640
GAZP,0,20160126,100004,130.370000000,50
GAZP,0,20160126,100004,130.370000000,7340
GAZP,0,20160126,100004,130.360000000,2000
GAZP,0,20160126,100004,130.350000000,150
GAZP,0,20160126,100004,130.350000000,150
GAZP,0,20160126,100004,130.340000000,100
GAZP,0,20160126,100004,130.470000000,700
GAZP,0,20160126,100004,130.470000000,1300
GAZP,0,20160126,100004,130.850000000,70
GAZP,0,20160126,100004,130.500000000,500
GAZP,0,20160126,100004,130.840000000,40
GAZP,0,20160126,100004,130.850000000,4460
GAZP,0,20160126,100004,130.530000000,240
GAZP,0,20160126,100005,130.540000000,400
GAZP,0,20160126,100005,130.720000000,460
GAZP,0,20160126,100005,130.720000000,140
GAZP,0,20160126,100005,130.540000000,30
GAZP,0,20160126,100005,130.560000000,300
GAZP,0,20160126,100005,130.590000000,300
GAZP,0,20160126,100005,130.910000000,380
GAZP,0,20160126,100005,130.900000000,2000
GAZP,0,20160126,100005,130.540000000,500
GAZP,0,20160126,100005,130.540000000,40
GAZP,0,20160126,100005,130.530000000,460
GAZP,0,20160126,100005,130.570000000,20
GAZP,0,20160126,100005,130.950000000,80
GAZP,0,20160126,100005,130.570000000,180
GAZP,0,20160126,100005,130.470000000,120
GAZP,0,20160126,100005,130.470000000,10
GAZP,0,20160126,100005,130.470000000,570
GAZP,0,20160126,100005,130.470000000,40
GAZP,0,20160126,100005,130.470000000,200
GAZP,0,20160126,100006,130.560000000,130
GAZP,0,20160126,100006,130.560000000,200
GAZP,0,20160126,100006,130.560000000,200
GAZP,0,20160126,100006,130.550000000,100
GAZP,0,20160126,100006,130.480000000,480
GAZP,0,20160126,100006,130.480000000,20
GAZP,0,20160126,100006,130.690000000,10
GAZP,0,20160126,100006,130.690000000,440
GAZP,0,20160126,100006,130.740000000,60
GAZP,0,20160126,100007,130.680000000,20
GAZP,0,20160126,100007,130.510000000,200
GAZP,0,20160126,100007,130.500000000,800
GAZP,0,20160126,100008,130.600000000,200
GAZP,0,20160126,100008,130.600000000,170
GAZP,0,20160126,100008,130.590000000,30
GAZP,0,20160126,100008,130.690000000,180
GAZP,0,20160126,100008,130.700000000,580
GAZP,0,20160126,100008,130.690000000,100
GAZP,0,20160126,100008,130.700000000,30
GAZP,0,20160126,100008,130.700000000,3000
GAZP,0,20160126,100008,130.700000000,100
GAZP,0,20160126,100009,130.700000000,50
GAZP,0,20160126,100009,130.700000000,10
GAZP,0,20160126,100009,130.700000000,500
GAZP,0,20160126,100009,130.620000000,200
GAZP,0,20160126,100009,130.620000000,200
GAZP,0,20160126,100009,130.620000000,110
GAZP,0,20160126,100009,130.700000000,230
GAZP,0,20160126,100010,130.660000000,80
GAZP,0,20160126,100010,130.700000000,10
GAZP,0,20160126,100010,130.610000000,400
GAZP,0,20160126,100010,130.600000000,10
GAZP,0,20160126,100010,130.580000000,50
GAZP,0,20160126,100010,130.560000000,230
GAZP,0,20160126,100010,130.550000000,310
GAZP,0,20160126,100010,130.560000000,700
GAZP,0,20160126,100010,130.550000000,300
GAZP,0,20160126,100010,130.700000000,10
GAZP,0,20160126,100011,130.700000000,480
GAZP,0,20160126,100011,130.750000000,20
GAZP,0,20160126,100011,130.710000000,120
GAZP,0,20160126,100011,130.680000000,50
GAZP,0,20160126,100011,130.680000000,190
GAZP,0,20160126,100011,130.680000000,40
GAZP,0,20160126,100011,130.680000000,10
GAZP,0,20160126,100011,130.620000000,10
GAZP,0,20160126,100011,130.680000000,10
GAZP,0,20160126,100011,130.680000000,180
GAZP,0,20160126,100011,130.710000000,200
GAZP,0,20160126,100011,130.690000000,300
GAZP,0,20160126,100012,130.750000000,400
GAZP,0,20160126,100012,130.750000000,20
GAZP,0,20160126,100013,130.750000000,200
GAZP,0,20160126,100013,130.750000000,500
GAZP,0,20160126,100013,130.750000000,360
GAZP,0,20160126,100013,130.760000000,10
GAZP,0,20160126,100014,130.840000000,10
GAZP,0,20160126,100014,130.890000000,400
GAZP,0,20160126,100014,130.900000000,50
GAZP,0,20160126,100014,130.910000000,250
GAZP,0,20160126,100014,130.840000000,200
GAZP,0,20160126,100014,130.900000000,70
GAZP,0,20160126,100014,130.930000000,720
GAZP,0,20160126,100014,130.930000000,440
GAZP,0,20160126,100014,130.930000000,100
GAZP,0,20160126,100014,130.910000000,80
GAZP,0,20160126,100014,130.900000000,130
GAZP,0,20160126,100015,130.910000000,200
GAZP,0,20160126,100015,130.910000000,200
GAZP,0,20160126,100015,130.930000000,700
GAZP,0,20160126,100015,130.930000000,150
GAZP,0,20160126,100015,130.930000000,160
GAZP,0,20160126,100015,130.930000000,50
GAZP,0,20160126,100015,130.930000000,50
GAZP,0,20160126,100015,130.920000000,330
GAZP,0,20160126,100015,130.920000000,300
GAZP,0,20160126,100015,130.920000000,100
GAZP,0,20160126,100015,130.910000000,100
GAZP,0,20160126,100015,130.910000000,200
GAZP,0,20160126,100015,130.910000000,30
GAZP,0,20160126,100015,130.700000000,480
GAZP,0,20160126,100015,130.700000000,1000
GAZP,0,20160126,100015,130.660000000,760
GAZP,0,20160126,100015,130.750000000,200
GAZP,0,20160126,100015,130.690000000,900
GAZP,0,20160126,100015,130.680000000,400
GAZP,0,20160126,100015,130.670000000,600
GAZP,0,20160126,100015,130.670000000,770
GAZP,0,20160126,100015,130.650000000,5000
GAZP,0,20160126,100015,130.620000000,140
GAZP,0,20160126,100015,130.620000000,1990
GAZP,0,20160126,100015,130.640000000,500
GAZP,0,20160126,100015,130.670000000,400
GAZP,0,20160126,100016,130.860000000,500
GAZP,0,20160126,100016,130.740000000,200
GAZP,0,20160126,100016,130.680000000,10
GAZP,0,20160126,100017,130.700000000,200
GAZP,0,20160126,100017,130.700000000,200
GAZP,0,20160126,100017,130.700000000,200
GAZP,0,20160126,100017,130.700000000,200
GAZP,0,20160126,100017,130.700000000,730
GAZP,0,20160126,100018,130.700000000,3250
GAZP,0,20160126,100018,130.700000000,20
GAZP,0,20160126,100018,130.700000000,10
GAZP,0,20160126,100018,130.820000000,120
GAZP,0,20160126,100018,130.830000000,360
GAZP,0,20160126,100018,130.830000000,260
GAZP,0,20160126,100018,130.840000000,2400
GAZP,0,20160126,100018,130.840000000,700
GAZP,0,20160126,100018,130.860000000,150
GAZP,0,20160126,100018,130.920000000,500
GAZP,0,20160126,100018,130.930000000,1710
GAZP,0,20160126,100018,130.930000000,2280
GAZP,0,20160126,100019,130.710000000,100
GAZP,0,20160126,100019,130.860000000,100
GAZP,0,20160126,100019,130.710000000,190
GAZP,0,20160126,100019,130.710000000,200
GAZP,0,20160126,100019,130.700000000,60
GAZP,0,20160126,100019,130.700000000,110
GAZP,0,20160126,100019,130.700000000,10
GAZP,0,20160126,100019,130.700000000,340
GAZP,0,20160126,100019,130.840000000,380
GAZP,0,20160126,100019,130.850000000,100
GAZP,0,20160126,100019,130.850000000,1440
GAZP,0,20160126,100019,130.920000000,440
GAZP,0,20160126,100019,130.930000000,100
GAZP,0,20160126,100019,130.940000000,1790
GAZP,0,20160126,100020,130.850000000,200
GAZP,0,20160126,100020,130.930000000,260
GAZP,0,20160126,100023,130.830000000,200
GAZP,0,20160126,100023,130.830000000,200
GAZP,0,20160126,100023,130.740000000,100
GAZP,0,20160126,100023,130.720000000,100
GAZP,0,20160126,100024,130.790000000,300
GAZP,0,20160126,100024,130.800000000,100
GAZP,0,20160126,100024,130.720000000,70
GAZP,0,20160126,100024,130.800000000,200
GAZP,0,20160126,100024,130.800000000,400
GAZP,0,20160126,100026,130.830000000,520
GAZP,0,20160126,100026,130.850000000,20
GAZP,0,20160126,100028,130.830000000,180
GAZP,0,20160126,100028,130.830000000,2000
GAZP,0,20160126,100028,130.830000000,900
GAZP,0,20160126,100028,130.800000000,1110
GAZP,0,20160126,100031,130.830000000,120
GAZP,0,20160126,100033,130.800000000,50
GAZP,0,20160126,100033,130.800000000,200
GAZP,0,20160126,100033,130.800000000,160
GAZP,0,20160126,100033,130.800000000,300
GAZP,0,20160126,100033,130.830000000,170
GAZP,0,20160126,100033,130.830000000,300
GAZP,0,20160126,100033,130.830000000,500
GAZP,0,20160126,100033,130.830000000,200
GAZP,0,20160126,100033,130.830000000,200
GAZP,0,20160126,100033,130.830000000,200
GAZP,0,20160126,100033,130.830000000,500
GAZP,0,20160126,100033,130.830000000,200
GAZP,0,20160126,100033,130.830000000,10
GAZP,0,20160126,100033,130.850000000,200
GAZP,0,20160126,100033,130.860000000,740
GAZP,0,20160126,100033,130.860000000,10
GAZP,0,20160126,100033,130.870000000,50
GAZP,0,20160126,100033,130.900000000,500
GAZP,0,20160126,100034,130.830000000,720
GAZP,0,20160126,100034,130.800000000,280
GAZP,0,20160126,100034,130.880000000,400
GAZP,0,20160126,100034,130.880000000,100
GAZP,0,20160126,100034,130.880000000,200
GAZP,0,20160126,100034,130.880000000,200
GAZP,0,20160126,100034,130.890000000,700
GAZP,0,20160126,100034,130.900000000,3400
GAZP,0,20160126,100034,130.800000000,1000
GAZP,0,20160126,100035,130.820000000,100
GAZP,0,20160126,100035,130.820000000,50
GAZP,0,20160126,100035,130.820000000,10
GAZP,0,20160126,100035,130.820000000,100
GAZP,0,20160126,100036,130.800000000,300
GAZP,0,20160126,100036,130.800000000,30
GAZP,0,20160126,100036,130.750000000,200
GAZP,0,20160126,100036,130.760000000,240
GAZP,0,20160126,100036,130.800000000,2570
GAZP,0,20160126,100037,130.750000000,10
GAZP,0,20160126,100038,130.790000000,10
GAZP,0,20160126,100040,130.800000000,20
GAZP,0,20160126,100040,130.750000000,20
GAZP,0,20160126,100041,130.790000000,50
GAZP,0,20160126,100041,130.790000000,10
GAZP,0,20160126,100041,130.800000000,80
GAZP,0,20160126,100041,130.800000000,910
GAZP,0,20160126,100042,130.750000000,270
GAZP,0,20160126,100042,130.740000000,50
GAZP,0,20160126,100042,130.740000000,100
GAZP,0,20160126,100042,130.720000000,700
GAZP,0,20160126,100042,130.710000000,10
GAZP,0,20160126,100042,130.710000000,30
GAZP,0,20160126,100042,130.700000000,100
GAZP,0,20160126,100042,130.700000000,5000
GAZP,0,20160126,100042,130.700000000,4500
GAZP,0,20160126,100042,130.700000000,4240
GAZP,0,20160126,100043,130.730000000,130
GAZP,0,20160126,100043,130.800000000,10
GAZP,0,20160126,100044,130.770000000,750
GAZP,0,20160126,100044,130.710000000,500
GAZP,0,20160126,100044,130.700000000,260
GAZP,0,20160126,100044,130.680000000,100
GAZP,0,20160126,100044,130.650000000,100
GAZP,0,20160126,100044,130.630000000,150
GAZP,0,20160126,100044,130.630000000,7640
GAZP,0,20160126,100044,130.620000000,10
GAZP,0,20160126,100044,130.620000000,200
GAZP,0,20160126,100044,130.620000000,1000
GAZP,0,20160126,100044,130.620000000,4590
GAZP,0,20160126,100044,130.620000000,2360
GAZP,0,20160126,100044,130.610000000,5990
GAZP,0,20160126,100044,130.610000000,10000
GAZP,0,20160126,100044,130.600000000,20
GAZP,0,20160126,100044,130.600000000,560
GAZP,0,20160126,100044,130.600000000,400
GAZP,0,20160126,100044,130.600000000,5000
GAZP,0,20160126,100044,130.600000000,30
GAZP,0,20160126,100044,130.560000000,500
GAZP,0,20160126,100044,130.560000000,100
GAZP,0,20160126,100044,130.540000000,500
GAZP,0,20160126,100044,130.540000000,9240
GAZP,0,20160126,100044,130.580000000,800
GAZP,0,20160126,100044,130.770000000,10
GAZP,0,20160126,100044,130.770000000,10
GAZP,0,20160126,100044,130.780000000,800
GAZP,0,20160126,100044,130.790000000,2870
GAZP,0,20160126,100044,130.800000000,1080
GAZP,0,20160126,100044,130.800000000,100
GAZP,0,20160126,100044,130.810000000,100
GAZP,0,20160126,100045,130.800000000,100
GAZP,0,20160126,100045,130.810000000,10
GAZP,0,20160126,100045,130.810000000,990
GAZP,0,20160126,100045,130.800000000,2280
GAZP,0,20160126,100045,130.810000000,900
GAZP,0,20160126,100045,130.810000000,10
GAZP,0,20160126,100045,130.810000000,200
GAZP,0,20160126,100046,130.820000000,100
GAZP,0,20160126,100046,130.820000000,300
GAZP,0,20160126,100046,130.820000000,190
GAZP,0,20160126,100046,130.820000000,220
GAZP,0,20160126,100046,130.820000000,280
GAZP,0,20160126,100046,130.820000000,60
GAZP,0,20160126,100046,130.820000000,140
GAZP,0,20160126,100046,130.820000000,1860
GAZP,0,20160126,100046,130.830000000,40
GAZP,0,20160126,100046,130.880000000,30
GAZP,0,20160126,100046,130.900000000,6100
GAZP,0,20160126,100046,130.940000000,1210
GAZP,0,20160126,100046,130.960000000,10
GAZP,0,20160126,100046,130.960000000,10
GAZP,0,20160126,100046,130.960000000,690
GAZP,0,20160126,100046,130.820000000,330
GAZP,0,20160126,100046,130.890000000,140
GAZP,0,20160126,100046,130.930000000,160
GAZP,0,20160126,100046,130.930000000,200
GAZP,0,20160126,100046,130.930000000,80
GAZP,0,20160126,100046,130.930000000,200
GAZP,0,20160126,100046,130.930000000,200
GAZP,0,20160126,100046,130.930000000,1560
GAZP,0,20160126,100046,130.960000000,1310
GAZP,0,20160126,100046,130.960000000,1000
GAZP,0,20160126,100046,130.970000000,30
GAZP,0,20160126,100046,130.970000000,10
GAZP,0,20160126,100046,130.970000000,9000
GAZP,0,20160126,100046,130.970000000,3650
GAZP,0,20160126,100046,130.930000000,270
GAZP,0,20160126,100046,130.980000000,10
GAZP,0,20160126,100046,130.980000000,10
GAZP,0,20160126,100046,130.980000000,30
GAZP,0,20160126,100046,130.980000000,100
GAZP,0,20160126,100046,130.990000000,500
GAZP,0,20160126,100046,130.990000000,10
GAZP,0,20160126,100046,130.990000000,10
GAZP,0,20160126,100046,131.000000000,14330
GAZP,0,20160126,100046,131.000000000,930
GAZP,0,20160126,100047,130.980000000,100
GAZP,0,20160126,100047,130.990000000,30
GAZP,0,20160126,100047,130.990000000,470
GAZP,0,20160126,100047,131.000000000,60
GAZP,0,20160126,100047,131.000000000,30
GAZP,0,20160126,100047,131.000000000,500
GAZP,0,20160126,100047,131.000000000,1000
GAZP,0,20160126,100047,131.000000000,80
GAZP,0,20160126,100047,131.000000000,1050
GAZP,0,20160126,100047,130.940000000,140
GAZP,0,20160126,100047,130.930000000,60
GAZP,0,20160126,100047,130.930000000,140
GAZP,0,20160126,100047,130.930000000,860
GAZP,0,20160126,100047,130.940000000,200
GAZP,0,20160126,100047,130.990000000,100
GAZP,0,20160126,100047,131.000000000,2820
GAZP,0,20160126,100047,131.000000000,400
GAZP,0,20160126,100047,131.000000000,60
GAZP,0,20160126,100048,130.930000000,150
GAZP,0,20160126,100048,130.980000000,200
GAZP,0,20160126,100048,131.000000000,250
GAZP,0,20160126,100048,131.000000000,70
GAZP,0,20160126,100048,131.000000000,1200
GAZP,0,20160126,100048,131.000000000,1600
GAZP,0,20160126,100049,131.000000000,660
GAZP,0,20160126,100049,131.000000000,50
GAZP,0,20160126,100049,131.000000000,50
GAZP,0,20160126,100049,131.000000000,50
GAZP,0,20160126,100049,131.000000000,100
GAZP,0,20160126,100050,130.960000000,20
GAZP,0,20160126,100050,130.930000000,330
GAZP,0,20160126,100050,130.930000000,490
GAZP,0,20160126,100050,130.930000000,400
GAZP,0,20160126,100050,130.930000000,600
GAZP,0,20160126,100050,130.930000000,120
GAZP,0,20160126,100050,130.930000000,30
GAZP,0,20160126,100050,130.930000000,200
GAZP,0,20160126,100051,131.000000000,50
GAZP,0,20160126,100053,130.940000000,10
GAZP,0,20160126,100053,131.000000000,260
GAZP,0,20160126,100053,131.000000000,300
GAZP,0,20160126,100053,131.000000000,940
GAZP,0,20160126,100054,131.000000000,340
GAZP,0,20160126,100054,131.000000000,1220
GAZP,0,20160126,100054,131.000000000,300
GAZP,0,20160126,100054,131.000000000,200
GAZP,0,20160126,100054,131.000000000,10
GAZP,0,20160126,100054,131.000000000,510
GAZP,0,20160126,100054,131.020000000,20
GAZP,0,20160126,100055,131.020000000,180
GAZP,0,20160126,100055,131.030000000,10
GAZP,0,20160126,100055,131.040000000,300
GAZP,0,20160126,100055,131.110000000,20
GAZP,0,20160126,100055,131.120000000,1650
GAZP,0,20160126,100055,131.020000000,400
GAZP,0,20160126,100055,131.130000000,20
GAZP,0,20160126,100055,131.120000000,500
GAZP,0,20160126,100055,131.130000000,700
GAZP,0,20160126,100055,131.110000000,40
GAZP,0,20160126,100056,131.090000000,10
GAZP,0,20160126,100057,131.030000000,130
GAZP,0,20160126,100057,131.030000000,20
GAZP,0,20160126,100059,131.080000000,300
GAZP,0,20160126,100059,131.090000000,320
GAZP,0,20160126,100059,131.090000000,500
GAZP,0,20160126,100059,131.090000000,70
GAZP,0,20160126,100059,131.140000000,790
GAZP,0,20160126,100059,131.150000000,10
GAZP,0,20160126,100059,131.150000000,1330
GAZP,0,20160126,100059,131.160000000,5000
GAZP,0,20160126,100059,131.190000000,310
GAZP,0,20160126,100059,131.110000000,400
GAZP,0,20160126,100059,131.110000000,100
GAZP,0,20160126,100059,131.110000000,30
GAZP,0,20160126,100100,131.130000000,500
GAZP,0,20160126,100100,131.150000000,400
GAZP,0,20160126,100100,131.150000000,1970
GAZP,0,20160126,100100,131.160000000,530
GAZP,0,20160126,100100,131.150000000,1900
GAZP,0,20160126,100100,131.150000000,700
GAZP,0,20160126,100100,131.150000000,700
GAZP,0,20160126,100100,131.150000000,900
GAZP,0,20160126,100100,131.150000000,700
GAZP,0,20160126,100100,131.150000000,700
GAZP,0,20160126,100100,131.150000000,900
GAZP,0,20160126,100100,131.150000000,700
GAZP,0,20160126,100100,131.150000000,100
GAZP,0,20160126,100100,131.150000000,700
GAZP,0,20160126,100100,131.150000000,700
GAZP,0,20160126,100100,131.150000000,200
GAZP,0,20160126,100100,131.150000000,100
GAZP,0,20160126,100100,131.150000000,200
GAZP,0,20160126,100100,131.150000000,1000
GAZP,0,20160126,100101,131.150000000,900
GAZP,0,20160126,100101,131.150000000,600
GAZP,0,20160126,100102,131.170000000,100
GAZP,0,20160126,100102,131.170000000,370
GAZP,0,20160126,100102,131.190000000,5680
GAZP,0,20160126,100102,131.200000000,6910
GAZP,0,20160126,100102,131.200000000,510
GAZP,0,20160126,100102,131.210000000,100
GAZP,0,20160126,100102,131.220000000,4000
GAZP,0,20160126,100102,131.240000000,160
GAZP,0,20160126,100102,131.280000000,2170
GAZP,0,20160126,100103,131.210000000,60
GAZP,0,20160126,100103,131.150000000,3000
GAZP,0,20160126,100103,131.160000000,10
GAZP,0,20160126,100104,131.150000000,200
GAZP,0,20160126,100104,131.190000000,1110
GAZP,0,20160126,100104,131.150000000,190
GAZP,0,20160126,100104,131.150000000,20
GAZP,0,20160126,100104,131.150000000,2000
GAZP,0,20160126,100105,131.160000000,200
GAZP,0,20160126,100105,131.160000000,50
GAZP,0,20160126,100105,131.160000000,30
GAZP,0,20160126,100105,131.160000000,20
GAZP,0,20160126,100105,131.160000000,100
GAZP,0,20160126,100105,131.160000000,50
GAZP,0,20160126,100105,131.160000000,20
GAZP,0,20160126,100105,131.160000000,50
GAZP,0,20160126,100108,131.200000000,30
GAZP,0,20160126,100108,131.200000000,370
GAZP,0,20160126,100108,131.210000000,490
GAZP,0,20160126,100108,131.220000000,200
GAZP,0,20160126,100108,131.220000000,700
GAZP,0,20160126,100108,131.220000000,700
GAZP,0,20160126,100108,131.220000000,400
GAZP,0,20160126,100108,131.210000000,230
GAZP,0,20160126,100108,131.200000000,1370
GAZP,0,20160126,100109,131.210000000,700
GAZP,0,20160126,100109,131.200000000,600
GAZP,0,20160126,100109,131.200000000,500
GAZP,0,20160126,100109,131.200000000,2600
GAZP,0,20160126,100109,131.200000000,2500
GAZP,0,20160126,100109,131.280000000,20
GAZP,0,20160126,100109,131.200000000,100
GAZP,0,20160126,100110,131.200000000,100
GAZP,0,20160126,100110,131.200000000,8000
GAZP,0,20160126,100111,131.250000000,30
GAZP,0,20160126,100111,131.250000000,170
GAZP,0,20160126,100111,131.250000000,200
GAZP,0,20160126,100111,131.250000000,960
GAZP,0,20160126,100111,131.260000000,20
GAZP,0,20160126,100111,131.260000000,20
GAZP,0,20160126,100111,131.260000000,20
GAZP,0,20160126,100113,131.250000000,1000
GAZP,0,20160126,100113,131.270000000,1650
GAZP,0,20160126,100113,131.280000000,670
GAZP,0,20160126,100113,131.280000000,50
GAZP,0,20160126,100113,131.280000000,3260
GAZP,0,20160126,100113,131.300000000,10
GAZP,0,20160126,100113,131.300000000,1000
GAZP,0,20160126,100113,131.340000000,750
GAZP,0,20160126,100113,131.350000000,100
GAZP,0,20160126,100113,131.350000000,3130
GAZP,0,20160126,100113,131.360000000,1000
GAZP,0,20160126,100113,131.370000000,510
GAZP,0,20160126,100113,131.390000000,2000
GAZP,0,20160126,100113,131.400000000,200
GAZP,0,20160126,100113,131.400000000,140
GAZP,0,20160126,100113,131.400000000,4630
GAZP,0,20160126,100113,131.400000000,100
GAZP,0,20160126,100113,131.420000000,60
GAZP,0,20160126,100113,131.420000000,80
GAZP,0,20160126,100113,131.430000000,5000
GAZP,0,20160126,100113,131.430000000,600
GAZP,0,20160126,100113,131.350000000,100
GAZP,0,20160126,100113,131.400000000,400
GAZP,0,20160126,100113,131.400000000,200
GAZP,0,20160126,100113,131.410000000,500
GAZP,0,20160126,100113,131.420000000,200
GAZP,0,20160126,100113,131.420000000,200
GAZP,0,20160126,100113,131.420000000,2000
GAZP,0,20160126,100113,131.410000000,300
GAZP,0,20160126,100113,131.420000000,300
GAZP,0,20160126,100113,131.420000000,540
GAZP,0,20160126,100114,131.410000000,30
GAZP,0,20160126,100114,131.430000000,10
GAZP,0,20160126,100116,131.360000000,100
GAZP,0,20160126,100117,131.360000000,10
GAZP,0,20160126,100118,131.360000000,300
GAZP,0,20160126,100119,131.400000000,500
GAZP,0,20160126,100119,131.400000000,200
GAZP,0,20160126,100119,131.410000000,200
GAZP,0,20160126,100119,131.420000000,10
GAZP,0,20160126,100119,131.420000000,3260
GAZP,0,20160126,100119,131.430000000,830
GAZP,0,20160126,100119,131.410000000,200
GAZP,0,20160126,100119,131.420000000,500
GAZP,0,20160126,100119,131.420000000,230
GAZP,0,20160126,100119,131.430000000,1160
GAZP,0,20160126,100119,131.430000000,1230
GAZP,0,20160126,100120,131.370000000,200
GAZP,0,20160126,100121,131.400000000,200
GAZP,0,20160126,100121,131.370000000,2000
GAZP,0,20160126,100121,131.360000000,1000
GAZP,0,20160126,100122,131.360000000,1000
GAZP,0,20160126,100122,131.400000000,200
GAZP,0,20160126,100122,131.420000000,30
GAZP,0,20160126,100122,131.430000000,770
GAZP,0,20160126,100122,131.450000000,2150
GAZP,0,20160126,100122,131.450000000,390
GAZP,0,20160126,100122,131.450000000,440
GAZP,0,20160126,100122,131.460000000,100
GAZP,0,20160126,100122,131.460000000,1330
GAZP,0,20160126,100122,131.450000000,1400
GAZP,0,20160126,100122,131.470000000,1400
GAZP,0,20160126,100122,131.480000000,1970
GAZP,0,20160126,100123,131.370000000,2000
GAZP,0,20160126,100123,131.360000000,1390
GAZP,0,20160126,100123,131.340000000,1900
GAZP,0,20160126,100123,131.330000000,1080
GAZP,0,20160126,100123,131.270000000,30
GAZP,0,20160126,100123,131.220000000,60
GAZP,0,20160126,100123,131.220000000,80
GAZP,0,20160126,100123,131.210000000,5000
GAZP,0,20160126,100123,131.200000000,33860
GAZP,0,20160126,100123,131.200000000,150
GAZP,0,20160126,100123,131.150000000,4450
GAZP,0,20160126,100123,131.240000000,1200
GAZP,0,20160126,100124,131.260000000,100
GAZP,0,20160126,100125,131.350000000,200
GAZP,0,20160126,100125,131.370000000,910
GAZP,0,20160126,100125,131.370000000,200
GAZP,0,20160126,100125,131.380000000,1600
GAZP,0,20160126,100125,131.380000000,290
GAZP,0,20160126,100126,131.380000000,300
GAZP,0,20160126,100126,131.400000000,1000
GAZP,0,20160126,100126,131.430000000,290
GAZP,0,20160126,100126,131.430000000,1710
GAZP,0,20160126,100126,131.430000000,20
GAZP,0,20160126,100127,131.320000000,50
GAZP,0,20160126,100128,131.360000000,200
GAZP,0,20160126,100128,131.390000000,1280
GAZP,0,20160126,100129,131.400000000,500
GAZP,0,20160126,100129,131.360000000,100
GAZP,0,20160126,100130,131.340000000,200
GAZP,0,20160126,100130,131.310000000,60
GAZP,0,20160126,100130,131.310000000,200
GAZP,0,20160126,100130,131.310000000,2000
GAZP,0,20160126,100130,131.300000000,760
GAZP,0,20160126,100130,131.300000000,300
GAZP,0,20160126,100130,131.300000000,500
GAZP,0,20160126,100130,131.300000000,20
GAZP,0,20160126,100130,131.270000000,800
GAZP,0,20160126,100130,131.260000000,160
GAZP,0,20160126,100130,131.260000000,160
GAZP,0,20160126,100130,131.200000000,1100
GAZP,0,20160126,100130,131.150000000,2510
GAZP,0,20160126,100131,131.270000000,200
GAZP,0,20160126,100131,131.270000000,200
GAZP,0,20160126,100132,131.300000000,10000
GAZP,0,20160126,100132,131.300000000,80
GAZP,0,20160126,100132,131.300000000,20
GAZP,0,20160126,100132,131.300000000,20
GAZP,0,20160126,100134,131.280000000,700
GAZP,0,20160126,100134,131.300000000,230
GAZP,0,20160126,100134,131.300000000,2390
GAZP,0,20160126,100134,131.250000000,200
GAZP,0,20160126,100134,131.250000000,10
GAZP,0,20160126,100134,131.250000000,190
GAZP,0,20160126,100134,131.200000000,810
GAZP,0,20160126,100134,131.290000000,30
GAZP,0,20160126,100135,131.300000000,130
GAZP,0,20160126,100136,131.300000000,3320
GAZP,0,20160126,100136,131.250000000,5000
GAZP,0,20160126,100136,131.250000000,200
GAZP,0,20160126,100136,131.250000000,200
GAZP,0,20160126,100136,131.240000000,200
GAZP,0,20160126,100136,131.240000000,900
GAZP,0,20160126,100137,131.300000000,12000
GAZP,0,20160126,100137,131.300000000,3320
GAZP,0,20160126,100137,131.230000000,180
GAZP,0,20160126,100137,131.300000000,260
GAZP,0,20160126,100137,131.300000000,700
GAZP,0,20160126,100137,131.300000000,130
GAZP,0,20160126,100137,131.300000000,670
GAZP,0,20160126,100137,131.300000000,2250
GAZP,0,20160126,100137,131.300000000,11090
GAZP,0,20160126,100137,131.300000000,3320
GAZP,0,20160126,100138,131.300000000,70
GAZP,0,20160126,100138,131.300000000,500
GAZP,0,20160126,100138,131.360000000,150
GAZP,0,20160126,100138,131.380000000,2000
GAZP,0,20160126,100138,131.380000000,600
GAZP,0,20160126,100139,131.380000000,30
GAZP,0,20160126,100139,131.380000000,130
GAZP,0,20160126,100139,131.380000000,200
GAZP,0,20160126,100139,131.380000000,140
GAZP,0,20160126,100140,131.360000000,2000
GAZP,0,20160126,100140,131.370000000,200
GAZP,0,20160126,100140,131.380000000,30
GAZP,0,20160126,100140,131.380000000,1800
GAZP,0,20160126,100140,131.390000000,100
GAZP,0,20160126,100140,131.390000000,170
GAZP,0,20160126,100140,131.380000000,1970
GAZP,0,20160126,100142,131.300000000,300
GAZP,0,20160126,100142,131.330000000,50
GAZP,0,20160126,100142,131.330000000,10
GAZP,0,20160126,100143,131.340000000,200
GAZP,0,20160126,100143,131.350000000,460
GAZP,0,20160126,100143,131.360000000,80
GAZP,0,20160126,100144,131.360000000,200
GAZP,0,20160126,100145,131.280000000,780
GAZP,0,20160126,100145,131.250000000,200
GAZP,0,20160126,100145,131.230000000,20
GAZP,0,20160126,100147,131.320000000,400
GAZP,0,20160126,100147,131.320000000,200
GAZP,0,20160126,100147,131.320000000,2720
GAZP,0,20160126,100147,131.260000000,10
GAZP,0,20160126,100147,131.260000000,20
GAZP,0,20160126,100148,131.340000000,2000
GAZP,0,20160126,100148,131.340000000,1320
GAZP,0,20160126,100148,131.370000000,370
GAZP,0,20160126,100148,131.370000000,750
GAZP,0,20160126,100148,131.370000000,2000
GAZP,0,20160126,100148,131.370000000,60
GAZP,0,20160126,100148,131.360000000,180
GAZP,0,20160126,100148,131.380000000,300
GAZP,0,20160126,100148,131.380000000,1650
GAZP,0,20160126,100150,131.300000000,50
GAZP,0,20160126,100150,131.310000000,100
GAZP,0,20160126,100151,131.290000000,10
GAZP,0,20160126,100151,131.340000000,200
GAZP,0,20160126,100151,131.340000000,1070
GAZP,0,20160126,100151,131.360000000,1000
GAZP,0,20160126,100151,131.360000000,1520
GAZP,0,20160126,100152,131.380000000,800
GAZP,0,20160126,100153,131.300000000,10
GAZP,0,20160126,100153,131.260000000,1230
GAZP,0,20160126,100154,131.300000000,20
GAZP,0,20160126,100155,131.300000000,3310
GAZP,0,20160126,100155,131.300000000,3320
GAZP,0,20160126,100155,131.300000000,2650
GAZP,0,20160126,100155,131.300000000,6640
GAZP,0,20160126,100155,131.300000000,800
GAZP,0,20160126,100155,131.300000000,530
GAZP,0,20160126,100155,131.300000000,18170
GAZP,0,20160126,100155,131.300000000,2780
GAZP,0,20160126,100155,131.290000000,10
GAZP,0,20160126,100155,131.300000000,60
GAZP,0,20160126,100156,131.250000000,200
GAZP,0,20160126,100156,131.250000000,200
GAZP,0,20160126,100156,131.250000000,200
GAZP,0,20160126,100156,131.240000000,500
GAZP,0,20160126,100156,131.220000000,5000
GAZP,0,20160126,100156,131.200000000,2000
GAZP,0,20160126,100156,131.200000000,500
GAZP,0,20160126,100156,131.150000000,390
GAZP,0,20160126,100156,131.210000000,200
GAZP,0,20160126,100156,131.150000000,690
GAZP,0,20160126,100156,131.150000000,1980
GAZP,0,20160126,100159,131.250000000,300
GAZP,0,20160126,100200,131.150000000,820
GAZP,0,20160126,100200,131.150000000,200
GAZP,0,20160126,100200,131.150000000,200
GAZP,0,20160126,100200,131.120000000,700
GAZP,0,20160126,100200,131.110000000,80
GAZP,0,20160126,100200,131.190000000,2000
GAZP,0,20160126,100200,131.200000000,200
GAZP,0,20160126,100200,131.220000000,800
GAZP,0,20160126,100202,131.140000000,40
GAZP,0,20160126,100202,131.140000000,200
GAZP,0,20160126,100202,131.140000000,200
GAZP,0,20160126,100202,131.140000000,10
GAZP,0,20160126,100202,131.130000000,50
GAZP,0,20160126,100202,131.130000000,50
GAZP,0,20160126,100203,131.220000000,10
GAZP,0,20160126,100205,131.200000000,10
GAZP,0,20160126,100205,131.200000000,1560
GAZP,0,20160126,100206,131.240000000,20
GAZP,0,20160126,100206,131.240000000,10
GAZP,0,20160126,100206,131.240000000,20
GAZP,0,20160126,100206,131.240000000,260
GAZP,0,20160126,100206,131.240000000,20
GAZP,0,20160126,100206,131.240000000,50
GAZP,0,20160126,100206,131.240000000,100
GAZP,0,20160126,100206,131.240000000,60
GAZP,0,20160126,100206,131.240000000,20
GAZP,0,20160126,100206,131.240000000,20
GAZP,0,20160126,100206,131.240000000,20
GAZP,0,20160126,100206,131.240000000,60
GAZP,0,20160126,100206,131.300000000,2660
GAZP,0,20160126,100206,131.300000000,9060
GAZP,0,20160126,100206,131.300000000,500
GAZP,0,20160126,100206,131.300000000,400
GAZP,0,20160126,100206,131.300000000,3320
GAZP,0,20160126,100206,131.300000000,2280
GAZP,0,20160126,100206,131.320000000,1030
GAZP,0,20160126,100206,131.330000000,500
GAZP,0,20160126,100206,131.330000000,80
GAZP,0,20160126,100206,131.330000000,10
GAZP,0,20160126,100206,131.340000000,4430
GAZP,0,20160126,100207,131.350000000,1000
GAZP,0,20160126,100207,131.360000000,150
GAZP,0,20160126,100207,131.360000000,90
GAZP,0,20160126,100208,131.360000000,60
GAZP,0,20160126,100209,131.300000000,6000
GAZP,0,20160126,100209,131.300000000,10
GAZP,0,20160126,100210,131.290000000,200
GAZP,0,20160126,100210,131.290000000,80
GAZP,0,20160126,100210,131.360000000,10
GAZP,0,20160126,100212,131.290000000,1210
GAZP,0,20160126,100214,131.300000000,20
GAZP,0,20160126,100215,131.300000000,20
GAZP,0,20160126,100216,131.240000000,200
GAZP,0,20160126,100216,131.240000000,120
GAZP,0,20160126,100216,131.220000000,2000
GAZP,0,20160126,100216,131.220000000,50
GAZP,0,20160126,100216,131.280000000,10
GAZP,0,20160126,100216,131.280000000,10
GAZP,0,20160126,100216,131.280000000,10
GAZP,0,20160126,100216,131.280000000,10
GAZP,0,20160126,100216,131.280000000,10
GAZP,0,20160126,100216,131.280000000,10
GAZP,0,20160126,100216,131.270000000,10
GAZP,0,20160126,100216,131.260000000,10
GAZP,0,20160126,100217,131.240000000,10
GAZP,0,20160126,100217,131.230000000,10
GAZP,0,20160126,100222,131.220000000,10
GAZP,0,20160126,100224,131.240000000,1000
GAZP,0,20160126,100225,131.210000000,10
GAZP,0,20160126,100225,131.200000000,10
GAZP,0,20160126,100225,131.190000000,10
GAZP,0,20160126,100225,131.180000000,10
GAZP,0,20160126,100225,131.180000000,10
GAZP,0,20160126,100225,131.180000000,10
GAZP,0,20160126,100225,131.180000000,340
GAZP,0,20160126,100227,131.230000000,10
GAZP,0,20160126,100227,131.180000000,50
GAZP,0,20160126,100227,131.180000000,150
GAZP,0,20160126,100227,131.180000000,50
GAZP,0,20160126,100227,131.180000000,10
GAZP,0,20160126,100227,131.170000000,10
GAZP,0,20160126,100227,131.160000000,10
GAZP,0,20160126,100227,131.160000000,80
GAZP,0,20160126,100230,131.180000000,1000
GAZP,0,20160126,100232,131.220000000,10
GAZP,0,20160126,100232,131.230000000,990
GAZP,0,20160126,100232,131.230000000,10
GAZP,0,20160126,100232,131.260000000,10
GAZP,0,20160126,100232,131.260000000,2000
GAZP,0,20160126,100232,131.270000000,2000
GAZP,0,20160126,100232,131.280000000,10
GAZP,0,20160126,100232,131.280000000,10
GAZP,0,20160126,100232,131.280000000,7640
GAZP,0,20160126,100232,131.280000000,10
GAZP,0,20160126,100232,131.280000000,300
GAZP,0,20160126,100232,131.290000000,10000
GAZP,0,20160126,100232,131.290000000,2000
GAZP,0,20160126,100232,131.290000000,10
GAZP,0,20160126,100232,131.290000000,100
GAZP,0,20160126,100232,131.300000000,1160
GAZP,0,20160126,100232,131.300000000,2000
GAZP,0,20160126,100232,131.300000000,1740
GAZP,0,20160126,100232,131.290000000,120
GAZP,0,20160126,100235,131.270000000,20
GAZP,0,20160126,100241,131.220000000,2000
GAZP,0,20160126,100241,131.210000000,2000
GAZP,0,20160126,100241,131.210000000,300
GAZP,0,20160126,100242,131.270000000,10
GAZP,0,20160126,100242,131.270000000,10
GAZP,0,20160126,100245,131.270000000,40
GAZP,0,20160126,100245,131.210000000,1700
GAZP,0,20160126,100245,131.210000000,150
GAZP,0,20160126,100245,131.210000000,200
GAZP,0,20160126,100245,131.210000000,200
GAZP,0,20160126,100245,131.200000000,20
GAZP,0,20160126,100245,131.200000000,2000
GAZP,0,20160126,100245,131.200000000,10000
GAZP,0,20160126,100245,131.200000000,14660
GAZP,0,20160126,100245,131.200000000,5220
GAZP,0,20160126,100245,131.200000000,810
GAZP,0,20160126,100245,131.200000000,70
GAZP,0,20160126,100245,131.200000000,500
GAZP,0,20160126,100245,131.200000000,1820
GAZP,0,20160126,100245,131.200000000,390
GAZP,0,20160126,100245,131.200000000,1190
GAZP,0,20160126,100245,131.200000000,1420
GAZP,0,20160126,100246,131.200000000,850
GAZP,0,20160126,100246,131.200000000,1230
GAZP,0,20160126,100246,131.200000000,340
GAZP,0,20160126,100246,131.200000000,200
GAZP,0,20160126,100246,131.200000000,1090
GAZP,0,20160126,100246,131.200000000,300
GAZP,0,20160126,100246,131.200000000,3130
GAZP,0,20160126,100246,131.200000000,1730
GAZP,0,20160126,100246,131.200000000,120
GAZP,0,20160126,100246,131.200000000,660
GAZP,0,20160126,100247,131.190000000,500
GAZP,0,20160126,100248,131.200000000,10
GAZP,0,20160126,100248,131.200000000,660
GAZP,0,20160126,100248,131.200000000,330
GAZP,0,20160126,100248,131.260000000,130
GAZP,0,20160126,100248,131.260000000,60
GAZP,0,20160126,100251,131.190000000,1500
GAZP,0,20160126,100251,131.190000000,200
GAZP,0,20160126,100251,131.190000000,200
GAZP,0,20160126,100251,131.190000000,100
GAZP,0,20160126,100251,131.260000000,60
GAZP,0,20160126,100252,131.190000000,200
GAZP,0,20160126,100252,131.190000000,200
GAZP,0,20160126,100252,131.170000000,50
GAZP,0,20160126,100252,131.170000000,100
GAZP,0,20160126,100252,131.160000000,100
GAZP,0,20160126,100252,131.160000000,200
GAZP,0,20160126,100252,131.160000000,200
GAZP,0,20160126,100252,131.150000000,300
GAZP,0,20160126,100252,131.150000000,500
GAZP,0,20160126,100252,131.140000000,10
GAZP,0,20160126,100252,131.140000000,190
GAZP,0,20160126,100253,131.170000000,10
GAZP,0,20160126,100254,131.170000000,640
GAZP,0,20160126,100254,131.190000000,1300
GAZP,0,20160126,100254,131.190000000,700
GAZP,0,20160126,100255,131.260000000,270
GAZP,0,20160126,100256,131.270000000,20
GAZP,0,20160126,100257,131.270000000,190
GAZP,0,20160126,100257,131.270000000,470
GAZP,0,20160126,100257,131.220000000,270
GAZP,0,20160126,100257,131.220000000,80
GAZP,0,20160126,100257,131.270000000,450
GAZP,0,20160126,100301,131.240000000,200
GAZP,0,20160126,100302,131.270000000,10
GAZP,0,20160126,100302,131.270000000,1690
GAZP,0,20160126,100306,131.280000000,10
GAZP,0,20160126,100306,131.280000000,40
GAZP,0,20160126,100308,131.270000000,100
GAZP,0,20160126,100308,131.270000000,170
GAZP,0,20160126,100308,131.270000000,130
GAZP,0,20160126,100309,131.270000000,200
GAZP,0,20160126,100309,131.290000000,1350
GAZP,0,20160126,100309,131.300000000,1370
GAZP,0,20160126,100309,131.300000000,630
GAZP,0,20160126,100309,131.300000000,50
GAZP,0,20160126,100309,131.300000000,10
GAZP,0,20160126,100309,131.300000000,2000
GAZP,0,20160126,100309,131.310000000,630
GAZP,0,20160126,100310,131.310000000,370
GAZP,0,20160126,100310,131.310000000,10
GAZP,0,20160126,100310,131.330000000,2940
GAZP,0,20160126,100311,131.290000000,50
GAZP,0,20160126,100311,131.330000000,1290
GAZP,0,20160126,100311,131.350000000,250
GAZP,0,20160126,100311,131.350000000,2000
GAZP,0,20160126,100311,131.370000000,670
GAZP,0,20160126,100312,131.370000000,50
GAZP,0,20160126,100312,131.320000000,200
GAZP,0,20160126,100313,131.310000000,30
GAZP,0,20160126,100317,131.310000000,2000
GAZP,0,20160126,100317,131.310000000,200
GAZP,0,20160126,100317,131.310000000,200
GAZP,0,20160126,100317,131.310000000,100
GAZP,0,20160126,100317,131.310000000,200
GAZP,0,20160126,100317,131.310000000,300
GAZP,0,20160126,100318,131.360000000,20
GAZP,0,20160126,100324,131.300000000,50
GAZP,0,20160126,100326,131.350000000,660
GAZP,0,20160126,100327,131.300000000,150
GAZP,0,20160126,100328,131.350000000,50
GAZP,0,20160126,100329,131.350000000,10
GAZP,0,20160126,100330,131.300000000,800
GAZP,0,20160126,100330,131.300000000,200
GAZP,0,20160126,100330,131.300000000,100
GAZP,0,20160126,100330,131.300000000,6900
GAZP,0,20160126,100333,131.300000000,100
GAZP,0,20160126,100335,131.310000000,2000
GAZP,0,20160126,100335,131.310000000,200
GAZP,0,20160126,100335,131.310000000,200
GAZP,0,20160126,100335,131.300000000,11500
GAZP,0,20160126,100335,131.300000000,120
GAZP,0,20160126,100336,131.310000000,100
GAZP,0,20160126,100337,131.310000000,70
GAZP,0,20160126,100337,131.350000000,1400
GAZP,0,20160126,100338,131.320000000,190
GAZP,0,20160126,100338,131.320000000,200
GAZP,0,20160126,100338,131.320000000,30
GAZP,0,20160126,100340,131.350000000,4880
GAZP,0,20160126,100340,131.350000000,100
GAZP,0,20160126,100340,131.360000000,100
GAZP,0,20160126,100340,131.360000000,2000
GAZP,0,20160126,100340,131.370000000,2000
GAZP,0,20160126,100340,131.370000000,10
GAZP,0,20160126,100340,131.380000000,10
GAZP,0,20160126,100340,131.380000000,900
GAZP,0,20160126,100340,131.370000000,2000
GAZP,0,20160126,100340,131.380000000,4100
GAZP,0,20160126,100340,131.380000000,60
GAZP,0,20160126,100340,131.380000000,80
GAZP,0,20160126,100340,131.390000000,3000
GAZP,0,20160126,100340,131.390000000,50
GAZP,0,20160126,100340,131.390000000,50
GAZP,0,20160126,100340,131.390000000,500
GAZP,0,20160126,100340,131.390000000,160
GAZP,0,20160126,100341,131.390000000,110
GAZP,0,20160126,100342,131.390000000,30
GAZP,0,20160126,100342,131.400000000,630
GAZP,0,20160126,100342,131.400000000,870
GAZP,0,20160126,100342,131.400000000,60
GAZP,0,20160126,100342,131.400000000,10
GAZP,0,20160126,100342,131.400000000,1000
GAZP,0,20160126,100342,131.400000000,710
GAZP,0,20160126,100344,131.400000000,100
GAZP,0,20160126,100344,131.400000000,1390
GAZP,0,20160126,100344,131.400000000,9670
GAZP,0,20160126,100344,131.400000000,180
GAZP,0,20160126,100345,131.400000000,150
GAZP,0,20160126,100345,131.430000000,50
GAZP,0,20160126,100345,131.430000000,450
GAZP,0,20160126,100345,131.440000000,100
GAZP,0,20160126,100345,131.440000000,50
GAZP,0,20160126,100345,131.440000000,400
GAZP,0,20160126,100345,131.440000000,70
GAZP,0,20160126,100348,131.440000000,100
GAZP,0,20160126,100348,131.440000000,100
GAZP,0,20160126,100350,131.440000000,70
GAZP,0,20160126,100351,131.440000000,20
GAZP,0,20160126,100351,131.420000000,170
GAZP,0,20160126,100351,131.420000000,200
GAZP,0,20160126,100351,131.430000000,2000
GAZP,0,20160126,100351,131.430000000,1000
GAZP,0,20160126,100353,131.430000000,1000
GAZP,0,20160126,100353,131.400000000,50
GAZP,0,20160126,100353,131.400000000,200
GAZP,0,20160126,100353,131.400000000,10
GAZP,0,20160126,100353,131.400000000,200
GAZP,0,20160126,100353,131.400000000,200
GAZP,0,20160126,100353,131.420000000,20
GAZP,0,20160126,100353,131.430000000,280
GAZP,0,20160126,100354,131.370000000,50
GAZP,0,20160126,100355,131.420000000,50
GAZP,0,20160126,100355,131.430000000,720
GAZP,0,20160126,100355,131.430000000,650
GAZP,0,20160126,100400,131.400000000,100
GAZP,0,20160126,100400,131.430000000,670
GAZP,0,20160126,100400,131.430000000,10
GAZP,0,20160126,100401,131.440000000,1090
GAZP,0,20160126,100401,131.420000000,50
GAZP,0,20160126,100402,131.440000000,200
GAZP,0,20160126,100402,131.440000000,2950
GAZP,0,20160126,100402,131.440000000,10
GAZP,0,20160126,100402,131.440000000,10
GAZP,0,20160126,100402,131.440000000,50
GAZP,0,20160126,100402,131.440000000,30
GAZP,0,20160126,100402,131.450000000,1950
GAZP,0,20160126,100403,131.420000000,10
GAZP,0,20160126,100404,131.450000000,2250
GAZP,0,20160126,100404,131.450000000,200
GAZP,0,20160126,100405,131.430000000,40
GAZP,0,20160126,100406,131.420000000,40
GAZP,0,20160126,100406,131.410000000,10
GAZP,0,20160126,100406,131.410000000,10
GAZP,0,20160126,100408,131.400000000,50
GAZP,0,20160126,100408,131.400000000,1000
GAZP,0,20160126,100409,131.430000000,130
GAZP,0,20160126,100411,131.400000000,900
GAZP,0,20160126,100411,131.420000000,30
GAZP,0,20160126,100411,131.430000000,570
GAZP,0,20160126,100412,131.430000000,150
GAZP,0,20160126,100416,131.400000000,600
GAZP,0,20160126,100417,131.430000000,1150
GAZP,0,20160126,100417,131.430000000,10
GAZP,0,20160126,100417,131.430000000,2000
GAZP,0,20160126,100417,131.440000000,100
GAZP,0,20160126,100417,131.440000000,20
GAZP,0,20160126,100417,131.440000000,10
GAZP,0,20160126,100417,131.450000000,2710
GAZP,0,20160126,100418,131.400000000,2350
GAZP,0,20160126,100418,131.420000000,400
GAZP,0,20160126,100419,131.400000000,1000
GAZP,0,20160126,100419,131.410000000,9000
GAZP,0,20160126,100420,131.400000000,200
GAZP,0,20160126,100429,131.390000000,2000
GAZP,0,20160126,100430,131.400000000,10
GAZP,0,20160126,100430,131.400000000,1090
GAZP,0,20160126,100434,131.390000000,2000
GAZP,0,20160126,100434,131.400000000,1000
GAZP,0,20160126,100440,131.380000000,50
GAZP,0,20160126,100440,131.370000000,10
GAZP,0,20160126,100440,131.360000000,10
GAZP,0,20160126,100440,131.350000000,20
GAZP,0,20160126,100440,131.350000000,1000
GAZP,0,20160126,100440,131.340000000,10
GAZP,0,20160126,100440,131.340000000,200
GAZP,0,20160126,100440,131.340000000,700
GAZP,0,20160126,100440,131.390000000,10
GAZP,0,20160126,100442,131.380000000,50
GAZP,0,20160126,100442,131.390000000,50
GAZP,0,20160126,100443,131.370000000,10
GAZP,0,20160126,100447,131.390000000,670
GAZP,0,20160126,100450,131.390000000,1270
GAZP,0,20160126,100450,131.390000000,730
GAZP,0,20160126,100453,131.390000000,40
GAZP,0,20160126,100500,131.390000000,150
GAZP,0,20160126,100500,131.350000000,40
GAZP,0,20160126,100502,131.320000000,10
GAZP,0,20160126,100502,131.320000000,1000
GAZP,0,20160126,100502,131.310000000,330
GAZP,0,20160126,100502,131.310000000,50
GAZP,0,20160126,100502,131.300000000,1380
GAZP,0,20160126,100502,131.300000000,2000
GAZP,0,20160126,100502,131.300000000,150
GAZP,0,20160126,100502,131.300000000,500
GAZP,0,20160126,100502,131.300000000,200
GAZP,0,20160126,100502,131.300000000,500
GAZP,0,20160126,100502,131.300000000,500
GAZP,0,20160126,100502,131.300000000,10
GAZP,0,20160126,100503,131.280000000,10
GAZP,0,20160126,100503,131.270000000,90
GAZP,0,20160126,100503,131.330000000,20
GAZP,0,20160126,100503,131.270000000,100
GAZP,0,20160126,100503,131.330000000,20
GAZP,0,20160126,100509,131.300000000,200
GAZP,0,20160126,100511,131.270000000,310
GAZP,0,20160126,100515,131.290000000,10
GAZP,0,20160126,100515,131.270000000,200
GAZP,0,20160126,100524,131.300000000,420
GAZP,0,20160126,100524,131.300000000,800
GAZP,0,20160126,100524,131.300000000,220
GAZP,0,20160126,100524,131.300000000,200
GAZP,0,20160126,100524,131.310000000,700
GAZP,0,20160126,100524,131.320000000,300
GAZP,0,20160126,100524,131.330000000,100
GAZP,0,20160126,100524,131.360000000,30
GAZP,0,20160126,100524,131.360000000,70
GAZP,0,20160126,100524,131.350000000,200
GAZP,0,20160126,100524,131.350000000,200
GAZP,0,20160126,100524,131.350000000,200
GAZP,0,20160126,100524,131.340000000,200
GAZP,0,20160126,100524,131.330000000,670
GAZP,0,20160126,100527,131.330000000,1230
GAZP,0,20160126,100527,131.330000000,200
GAZP,0,20160126,100527,131.330000000,200
GAZP,0,20160126,100527,131.320000000,2250
GAZP,0,20160126,100527,131.300000000,920
GAZP,0,20160126,100530,131.300000000,1080
GAZP,0,20160126,100530,131.300000000,3920
GAZP,0,20160126,100530,131.360000000,10
GAZP,0,20160126,100531,131.310000000,500
GAZP,0,20160126,100532,131.360000000,1990
GAZP,0,20160126,100532,131.370000000,250
GAZP,0,20160126,100532,131.380000000,1000
GAZP,0,20160126,100532,131.380000000,80
GAZP,0,20160126,100532,131.380000000,1500
GAZP,0,20160126,100533,131.380000000,300
GAZP,0,20160126,100536,131.310000000,100
GAZP,0,20160126,100539,131.320000000,30
GAZP,0,20160126,100543,131.370000000,270
GAZP,0,20160126,100543,131.370000000,230
GAZP,0,20160126,100543,131.380000000,1120
GAZP,0,20160126,100545,131.380000000,2440
GAZP,0,20160126,100546,131.380000000,810
GAZP,0,20160126,100547,131.380000000,1390
GAZP,0,20160126,100547,131.380000000,30
GAZP,0,20160126,100547,131.390000000,480
GAZP,0,20160126,100547,131.390000000,30
GAZP,0,20160126,100549,131.390000000,470
GAZP,0,20160126,100549,131.390000000,50
GAZP,0,20160126,100549,131.390000000,100
GAZP,0,20160126,100549,131.390000000,50
GAZP,0,20160126,100549,131.400000000,1770
GAZP,0,20160126,100549,131.400000000,930
GAZP,0,20160126,100549,131.400000000,10
GAZP,0,20160126,100549,131.400000000,40
GAZP,0,20160126,100549,131.400000000,250
GAZP,0,20160126,100549,131.400000000,40
GAZP,0,20160126,100549,131.400000000,4810
GAZP,0,20160126,100551,131.400000000,1080
GAZP,0,20160126,100553,131.400000000,550
GAZP,0,20160126,100554,131.400000000,540
GAZP,0,20160126,100556,131.370000000,500
GAZP,0,20160126,100556,131.380000000,10
GAZP,0,20160126,100557,131.380000000,1500
GAZP,0,20160126,100558,131.350000000,1000
GAZP,0,20160126,100603,131.350000000,700
GAZP,0,20160126,100605,131.350000000,3000
GAZP,0,20160126,100609,131.350000000,300
GAZP,0,20160126,100609,131.380000000,1230
GAZP,0,20160126,100610,131.320000000,10
GAZP,0,20160126,100611,131.320000000,80
GAZP,0,20160126,100615,131.380000000,10
GAZP,0,20160126,100620,131.390000000,40
GAZP,0,20160126,100620,131.400000000,1210
GAZP,0,20160126,100623,131.390000000,1430
GAZP,0,20160126,100623,131.390000000,430
GAZP,0,20160126,100623,131.390000000,90
GAZP,0,20160126,100623,131.390000000,10
GAZP,0,20160126,100627,131.390000000,10
GAZP,0,20160126,100627,131.390000000,30
GAZP,0,20160126,100627,131.400000000,1190
GAZP,0,20160126,100627,131.340000000,500
GAZP,0,20160126,100627,131.390000000,10
GAZP,0,20160126,100627,131.390000000,80
GAZP,0,20160126,100628,131.380000000,10
GAZP,0,20160126,100629,131.390000000,10
GAZP,0,20160126,100630,131.340000000,1000
GAZP,0,20160126,100630,131.390000000,1490
GAZP,0,20160126,100633,131.390000000,410
GAZP,0,20160126,100633,131.390000000,2000
GAZP,0,20160126,100633,131.400000000,2590
GAZP,0,20160126,100642,131.380000000,20
GAZP,0,20160126,100644,131.350000000,1000
GAZP,0,20160126,100644,131.340000000,20
GAZP,0,20160126,100644,131.330000000,400
GAZP,0,20160126,100644,131.320000000,10
GAZP,0,20160126,100644,131.320000000,500
GAZP,0,20160126,100644,131.310000000,1400
GAZP,0,20160126,100644,131.310000000,2000
GAZP,0,20160126,100644,131.310000000,50
GAZP,0,20160126,100644,131.310000000,2000
GAZP,0,20160126,100644,131.300000000,10
GAZP,0,20160126,100644,131.300000000,2500
GAZP,0,20160126,100644,131.300000000,1100
GAZP,0,20160126,100644,131.300000000,1000
GAZP,0,20160126,100644,131.300000000,890
GAZP,0,20160126,100644,131.300000000,10
GAZP,0,20160126,100644,131.300000000,500
GAZP,0,20160126,100644,131.290000000,80
GAZP,0,20160126,100644,131.290000000,60
GAZP,0,20160126,100644,131.290000000,1000
GAZP,0,20160126,100644,131.280000000,2000
GAZP,0,20160126,100644,131.270000000,1800
GAZP,0,20160126,100644,131.270000000,10
GAZP,0,20160126,100644,131.270000000,200
GAZP,0,20160126,100644,131.260000000,10
GAZP,0,20160126,100644,131.260000000,10
GAZP,0,20160126,100644,131.260000000,390
GAZP,0,20160126,100644,131.260000000,50
GAZP,0,20160126,100644,131.260000000,7640
GAZP,0,20160126,100644,131.260000000,7640
GAZP,0,20160126,100644,131.250000000,10720
GAZP,0,20160126,100644,131.340000000,10
GAZP,0,20160126,100645,131.340000000,10
GAZP,0,20160126,100645,131.340000000,100
GAZP,0,20160126,100645,131.340000000,500
GAZP,0,20160126,100647,131.340000000,1380
GAZP,0,20160126,100647,131.340000000,1620
GAZP,0,20160126,100651,131.340000000,20
GAZP,0,20160126,100651,131.340000000,10
GAZP,0,20160126,100651,131.340000000,60
GAZP,0,20160126,100651,131.340000000,10
GAZP,0,20160126,100651,131.340000000,10
GAZP,0,20160126,100655,131.310000000,1500
GAZP,0,20160126,100657,131.300000000,180
GAZP,0,20160126,100659,131.370000000,800
GAZP,0,20160126,100700,131.310000000,10
GAZP,0,20160126,100700,131.310000000,10
GAZP,0,20160126,100703,131.310000000,20
GAZP,0,20160126,100711,131.300000000,10
GAZP,0,20160126,100713,131.340000000,10
GAZP,0,20160126,100714,131.320000000,20
GAZP,0,20160126,100714,131.300000000,5780
GAZP,0,20160126,100715,131.300000000,500
GAZP,0,20160126,100719,131.300000000,100
GAZP,0,20160126,100724,131.300000000,1000
GAZP,0,20160126,100725,131.300000000,430
GAZP,0,20160126,100725,131.300000000,60
GAZP,0,20160126,100725,131.290000000,100
GAZP,0,20160126,100726,131.300000000,10
GAZP,0,20160126,100734,131.300000000,500
GAZP,0,20160126,100735,131.270000000,10
GAZP,0,20160126,100735,131.270000000,40
GAZP,0,20160126,100735,131.270000000,4950
GAZP,0,20160126,100739,131.300000000,1350
GAZP,0,20160126,100740,131.270000000,40
GAZP,0,20160126,100741,131.300000000,820
GAZP,0,20160126,100742,131.270000000,500
GAZP,0,20160126,100742,131.300000000,1830
GAZP,0,20160126,100744,131.330000000,20
GAZP,0,20160126,100744,131.330000000,20
GAZP,0,20160126,100744,131.330000000,10
GAZP,0,20160126,100744,131.330000000,940
GAZP,0,20160126,100745,131.300000000,80
GAZP,0,20160126,100747,131.340000000,1220
GAZP,0,20160126,100747,131.340000000,20
GAZP,0,20160126,100747,131.340000000,30
GAZP,0,20160126,100747,131.340000000,720
GAZP,0,20160126,100747,131.350000000,500
GAZP,0,20160126,100747,131.350000000,1360
GAZP,0,20160126,100750,131.340000000,680
GAZP,0,20160126,100750,131.340000000,20
GAZP,0,20160126,100750,131.340000000,50
GAZP,0,20160126,100751,131.300000000,1000
GAZP,0,20160126,100751,131.300000000,90
GAZP,0,20160126,100751,131.270000000,1460
GAZP,0,20160126,100751,131.270000000,450
GAZP,0,20160126,100751,131.340000000,2000
GAZP,0,20160126,100751,131.350000000,430
GAZP,0,20160126,100753,131.350000000,10
GAZP,0,20160126,100753,131.350000000,200
GAZP,0,20160126,100753,131.350000000,200
GAZP,0,20160126,100753,131.360000000,690
GAZP,0,20160126,100754,131.360000000,180
GAZP,0,20160126,100755,131.370000000,30
GAZP,0,20160126,100755,131.370000000,30
GAZP,0,20160126,100755,131.370000000,1140
GAZP,0,20160126,100755,131.370000000,10
GAZP,0,20160126,100755,131.370000000,1690
GAZP,0,20160126,100755,131.370000000,30
GAZP,0,20160126,100755,131.370000000,20
GAZP,0,20160126,100755,131.370000000,260
GAZP,0,20160126,100755,131.380000000,80
GAZP,0,20160126,100755,131.380000000,10
GAZP,0,20160126,100755,131.380000000,150
GAZP,0,20160126,100755,131.380000000,10
GAZP,0,20160126,100755,131.380000000,10
GAZP,0,20160126,100755,131.380000000,30
GAZP,0,20160126,100755,131.380000000,370
GAZP,0,20160126,100755,131.380000000,1120
GAZP,0,20160126,100755,131.380000000,20
GAZP,0,20160126,100755,131.380000000,20
GAZP,0,20160126,100757,131.380000000,1220
GAZP,0,20160126,100758,131.380000000,410
GAZP,0,20160126,100758,131.380000000,100
GAZP,0,20160126,100800,131.380000000,140
GAZP,0,20160126,100801,131.380000000,270
GAZP,0,20160126,100803,131.370000000,2000
GAZP,0,20160126,100803,131.380000000,3970
GAZP,0,20160126,100803,131.390000000,200
GAZP,0,20160126,100803,131.390000000,2500
GAZP,0,20160126,100803,131.400000000,31330
GAZP,0,20160126,100805,131.400000000,4740
GAZP,0,20160126,100808,131.400000000,20
GAZP,0,20160126,100809,131.400000000,1220
GAZP,0,20160126,100809,131.400000000,200
GAZP,0,20160126,100810,131.400000000,520
GAZP,0,20160126,100810,131.400000000,10
GAZP,0,20160126,100810,131.400000000,690
GAZP,0,20160126,100810,131.400000000,10
GAZP,0,20160126,100811,131.390000000,430
GAZP,0,20160126,100813,131.390000000,1570
GAZP,0,20160126,100814,131.390000000,40
GAZP,0,20160126,100817,131.390000000,130
GAZP,0,20160126,100818,131.380000000,10
GAZP,0,20160126,100819,131.390000000,260
GAZP,0,20160126,100819,131.390000000,690
GAZP,0,20160126,100820,131.400000000,300
GAZP,0,20160126,100820,131.400000000,30
GAZP,0,20160126,100820,131.400000000,500
GAZP,0,20160126,100820,131.400000000,260
GAZP,0,20160126,100821,131.400000000,50
GAZP,0,20160126,100821,131.380000000,100
GAZP,0,20160126,100822,131.390000000,2000
GAZP,0,20160126,100822,131.390000000,200
GAZP,0,20160126,100824,131.350000000,350
GAZP,0,20160126,100824,131.340000000,650
GAZP,0,20160126,100830,131.390000000,340
GAZP,0,20160126,100830,131.400000000,470
GAZP,0,20160126,100831,131.390000000,2000
GAZP,0,20160126,100831,131.400000000,220
GAZP,0,20160126,100831,131.400000000,30
GAZP,0,20160126,100831,131.400000000,10
GAZP,0,20160126,100831,131.400000000,3020
GAZP,0,20160126,100831,131.400000000,200
GAZP,0,20160126,100833,131.400000000,10
GAZP,0,20160126,100834,131.400000000,520
GAZP,0,20160126,100835,131.340000000,400
GAZP,0,20160126,100836,131.400000000,3000
GAZP,0,20160126,100845,131.400000000,950
GAZP,0,20160126,100845,131.400000000,140
GAZP,0,20160126,100845,131.400000000,10
GAZP,0,20160126,100846,131.350000000,100
GAZP,0,20160126,100846,131.350000000,200
GAZP,0,20160126,100846,131.400000000,540
GAZP,0,20160126,100847,131.400000000,4490
GAZP,0,20160126,100848,131.400000000,10
GAZP,0,20160126,100851,131.400000000,40
GAZP,0,20160126,100851,131.400000000,780
GAZP,0,20160126,100851,131.400000000,2330
GAZP,0,20160126,100851,131.400000000,1360
GAZP,0,20160126,100851,131.400000000,1240
GAZP,0,20160126,100851,131.400000000,520
GAZP,0,20160126,100851,131.400000000,90
GAZP,0,20160126,100851,131.400000000,2640
GAZP,0,20160126,100851,131.400000000,340
GAZP,0,20160126,100851,131.400000000,1000
GAZP,0,20160126,100851,131.400000000,700
GAZP,0,20160126,100851,131.400000000,9850
GAZP,0,20160126,100851,131.400000000,700
GAZP,0,20160126,100851,131.400000000,2630
GAZP,0,20160126,100851,131.400000000,3920
GAZP,0,20160126,100851,131.400000000,850
GAZP,0,20160126,100851,131.400000000,300
GAZP,0,20160126,100851,131.400000000,1000
GAZP,0,20160126,100851,131.400000000,570
GAZP,0,20160126,100851,131.400000000,170
GAZP,0,20160126,100851,131.400000000,400
GAZP,0,20160126,100851,131.400000000,200
GAZP,0,20160126,100851,131.400000000,300
GAZP,0,20160126,100851,131.400000000,1000
GAZP,0,20160126,100851,131.400000000,1000
GAZP,0,20160126,100851,131.400000000,1000
GAZP,0,20160126,100851,131.400000000,2180
GAZP,0,20160126,100851,131.400000000,30
GAZP,0,20160126,100851,131.410000000,1000
GAZP,0,20160126,100851,131.430000000,10
GAZP,0,20160126,100851,131.430000000,690
GAZP,0,20160126,100852,131.430000000,1000
GAZP,0,20160126,100852,131.430000000,20
GAZP,0,20160126,100852,131.430000000,100
GAZP,0,20160126,100852,131.430000000,1190
GAZP,0,20160126,100852,131.430000000,40
GAZP,0,20160126,100852,131.440000000,300
GAZP,0,20160126,100852,131.440000000,200
GAZP,0,20160126,100852,131.440000000,200
GAZP,0,20160126,100852,131.440000000,200
GAZP,0,20160126,100852,131.440000000,800
GAZP,0,20160126,100853,131.440000000,200
GAZP,0,20160126,100853,131.440000000,200
GAZP,0,20160126,100853,131.440000000,300
GAZP,0,20160126,100853,131.440000000,100
GAZP,0,20160126,100853,131.440000000,100
GAZP,0,20160126,100855,131.430000000,500
GAZP,0,20160126,100855,131.430000000,200
GAZP,0,20160126,100855,131.430000000,120
GAZP,0,20160126,100855,131.430000000,200
GAZP,0,20160126,100855,131.420000000,200
GAZP,0,20160126,100855,131.400000000,2000
GAZP,0,20160126,100855,131.400000000,1200
GAZP,0,20160126,100855,131.390000000,2000
GAZP,0,20160126,100855,131.390000000,20
GAZP,0,20160126,100855,131.380000000,1100
GAZP,0,20160126,100855,131.370000000,2000
GAZP,0,20160126,100855,131.370000000,2000
GAZP,0,20160126,100855,131.360000000,100
GAZP,0,20160126,100855,131.350000000,1800
GAZP,0,20160126,100855,131.340000000,950
GAZP,0,20160126,100855,131.340000000,50
GAZP,0,20160126,100855,131.340000000,5000
GAZP,0,20160126,100855,131.330000000,80
GAZP,0,20160126,100855,131.370000000,80
GAZP,0,20160126,100857,131.400000000,30
GAZP,0,20160126,100859,131.430000000,2000
GAZP,0,20160126,100859,131.440000000,2400
GAZP,0,20160126,100859,131.450000000,2890
GAZP,0,20160126,100859,131.450000000,10
GAZP,0,20160126,100859,131.450000000,2000
GAZP,0,20160126,100859,131.460000000,700
GAZP,0,20160126,100900,131.410000000,30
GAZP,0,20160126,100900,131.410000000,20
GAZP,0,20160126,100900,131.400000000,20
GAZP,0,20160126,100900,131.400000000,190
GAZP,0,20160126,100903,131.440000000,700
GAZP,0,20160126,100904,131.440000000,200
GAZP,0,20160126,100905,131.440000000,10
GAZP,0,20160126,100906,131.420000000,500
GAZP,0,20160126,100907,131.400000000,30
GAZP,0,20160126,100910,131.420000000,10
GAZP,0,20160126,100910,131.440000000,50
GAZP,0,20160126,100915,131.400000000,500
GAZP,0,20160126,100916,131.440000000,500
GAZP,0,20160126,100919,131.400000000,280
GAZP,0,20160126,100919,131.400000000,220
GAZP,0,20160126,100919,131.440000000,200
GAZP,0,20160126,100921,131.440000000,200
GAZP,0,20160126,100924,131.380000000,10
GAZP,0,20160126,100924,131.380000000,100
GAZP,0,20160126,100924,131.380000000,100
GAZP,0,20160126,100924,131.380000000,200
GAZP,0,20160126,100924,131.370000000,1920
GAZP,0,20160126,100924,131.370000000,500
GAZP,0,20160126,100924,131.360000000,2000
GAZP,0,20160126,100924,131.360000000,1300
GAZP,0,20160126,100924,131.350000000,2000
GAZP,0,20160126,100924,131.340000000,1870
GAZP,0,20160126,100926,131.400000000,500
GAZP,0,20160126,100931,131.430000000,60
GAZP,0,20160126,100931,131.430000000,80
GAZP,0,20160126,100931,131.440000000,140
GAZP,0,20160126,100931,131.440000000,2000
GAZP,0,20160126,100931,131.440000000,100
GAZP,0,20160126,100931,131.450000000,30
GAZP,0,20160126,100931,131.450000000,10
GAZP,0,20160126,100931,131.450000000,250
GAZP,0,20160126,100931,131.450000000,30
GAZP,0,20160126,100931,131.460000000,1780
GAZP,0,20160126,100931,131.450000000,2000
GAZP,0,20160126,100931,131.460000000,1320
GAZP,0,20160126,100931,131.450000000,2000
GAZP,0,20160126,100931,131.460000000,1320
GAZP,0,20160126,100934,131.450000000,200
GAZP,0,20160126,100936,131.400000000,50
GAZP,0,20160126,100939,131.400000000,10
GAZP,0,20160126,100940,131.410000000,700
GAZP,0,20160126,100940,131.420000000,100
GAZP,0,20160126,100941,131.430000000,2000
GAZP,0,20160126,100941,131.440000000,1380
GAZP,0,20160126,100942,131.420000000,50
GAZP,0,20160126,100943,131.420000000,680
GAZP,0,20160126,100944,131.420000000,10
GAZP,0,20160126,100944,131.430000000,10
GAZP,0,20160126,100944,131.440000000,130
GAZP,0,20160126,100945,131.440000000,670
GAZP,0,20160126,100947,131.440000000,140
GAZP,0,20160126,100947,131.440000000,540
GAZP,0,20160126,100951,131.440000000,1360
GAZP,0,20160126,100952,131.440000000,20
GAZP,0,20160126,100952,131.440000000,10
GAZP,0,20160126,100952,131.400000000,190
GAZP,0,20160126,100952,131.440000000,2300
GAZP,0,20160126,100952,131.440000000,10
GAZP,0,20160126,100952,131.440000000,20
GAZP,0,20160126,100952,131.440000000,3320
GAZP,0,20160126,100952,131.440000000,3320
GAZP,0,20160126,100952,131.440000000,40
GAZP,0,20160126,100952,131.440000000,30
GAZP,0,20160126,100954,131.440000000,1220
GAZP,0,20160126,100954,131.440000000,60
GAZP,0,20160126,100955,131.440000000,90
GAZP,0,20160126,100955,131.440000000,3320
GAZP,0,20160126,100955,131.440000000,20
GAZP,0,20160126,100955,131.440000000,200
GAZP,0,20160126,100955,131.440000000,200
GAZP,0,20160126,100955,131.440000000,410
GAZP,0,20160126,100955,131.440000000,1210
GAZP,0,20160126,100956,131.440000000,20
GAZP,0,20160126,100956,131.440000000,20
GAZP,0,20160126,100956,131.440000000,3000
GAZP,0,20160126,100956,131.440000000,10
GAZP,0,20160126,100956,131.440000000,10
GAZP,0,20160126,100956,131.440000000,200
GAZP,0,20160126,100956,131.440000000,30
GAZP,0,20160126,100956,131.440000000,200
GAZP,0,20160126,100956,131.440000000,140
GAZP,0,20160126,100956,131.440000000,4500
GAZP,0,20160126,100956,131.440000000,200
GAZP,0,20160126,100957,131.440000000,50
GAZP,0,20160126,100957,131.440000000,20
GAZP,0,20160126,100957,131.440000000,500
GAZP,0,20160126,100957,131.440000000,200
GAZP,0,20160126,100957,131.440000000,4430
GAZP,0,20160126,100957,131.440000000,500
GAZP,0,20160126,100957,131.440000000,300
GAZP,0,20160126,100957,131.440000000,50
GAZP,0,20160126,100957,131.440000000,3000
GAZP,0,20160126,100957,131.440000000,2500
GAZP,0,20160126,100957,131.440000000,3310
GAZP,0,20160126,100957,131.440000000,200
GAZP,0,20160126,100957,131.440000000,200
GAZP,0,20160126,100957,131.440000000,2530
GAZP,0,20160126,100957,131.440000000,790
GAZP,0,20160126,100957,131.440000000,1860
GAZP,0,20160126,100957,131.440000000,1210
GAZP,0,20160126,100957,131.450000000,30
GAZP,0,20160126,100957,131.460000000,220
GAZP,0,20160126,100957,131.460000000,3320
GAZP,0,20160126,100957,131.460000000,1340
GAZP,0,20160126,100957,131.460000000,10
GAZP,0,20160126,100957,131.460000000,10
GAZP,0,20160126,100957,131.470000000,4900
GAZP,0,20160126,100957,131.470000000,660
GAZP,0,20160126,100957,131.470000000,2660
GAZP,0,20160126,100957,131.470000000,1780
GAZP,0,20160126,100957,131.470000000,10000
GAZP,0,20160126,100957,131.470000000,500
GAZP,0,20160126,100957,131.470000000,200
GAZP,0,20160126,100957,131.480000000,1000
GAZP,0,20160126,100957,131.480000000,140
GAZP,0,20160126,100957,131.480000000,220
GAZP,0,20160126,100957,131.480000000,300
GAZP,0,20160126,100957,131.480000000,200
GAZP,0,20160126,100957,131.480000000,100
GAZP,0,20160126,100957,131.480000000,10
GAZP,0,20160126,100957,131.480000000,100
GAZP,0,20160126,100957,131.480000000,60
GAZP,0,20160126,100957,131.480000000,70
GAZP,0,20160126,100957,131.480000000,200
GAZP,0,20160126,100957,131.480000000,100
GAZP,0,20160126,100958,131.480000000,100
GAZP,0,20160126,100958,131.480000000,10
GAZP,0,20160126,100958,131.480000000,100
GAZP,0,20160126,100958,131.480000000,1080
GAZP,0,20160126,100958,131.480000000,10
GAZP,0,20160126,100958,131.480000000,230
GAZP,0,20160126,100958,131.480000000,3000
GAZP,0,20160126,100958,131.480000000,40
GAZP,0,20160126,100958,131.480000000,1200
GAZP,0,20160126,100958,131.480000000,2870
GAZP,0,20160126,100958,131.480000000,700
GAZP,0,20160126,100958,131.480000000,200
GAZP,0,20160126,100958,131.490000000,4000
GAZP,0,20160126,100958,131.490000000,6000
GAZP,0,20160126,100958,131.490000000,840
GAZP,0,20160126,100958,131.490000000,3620
GAZP,0,20160126,100958,131.490000000,5540
GAZP,0,20160126,100958,131.490000000,10
GAZP,0,20160126,100958,131.500000000,50
GAZP,0,20160126,100958,131.500000000,600
GAZP,0,20160126,100958,131.500000000,350
GAZP,0,20160126,100958,131.500000000,450
GAZP,0,20160126,100958,131.500000000,10
GAZP,0,20160126,100958,131.500000000,490
GAZP,0,20160126,100958,131.500000000,1510
GAZP,0,20160126,100958,131.500000000,790
GAZP,0,20160126,100958,131.500000000,10
GAZP,0,20160126,100958,131.500000000,200
GAZP,0,20160126,100958,131.500000000,10
GAZP,0,20160126,100958,131.500000000,290
GAZP,0,20160126,100958,131.500000000,700
GAZP,0,20160126,100958,131.500000000,500
GAZP,0,20160126,100958,131.500000000,500
GAZP,0,20160126,100958,131.500000000,10
GAZP,0,20160126,100958,131.500000000,90
GAZP,0,20160126,100958,131.500000000,100
GAZP,0,20160126,100958,131.500000000,100
GAZP,0,20160126,100958,131.500000000,700
GAZP,0,20160126,100959,131.500000000,10
GAZP,0,20160126,100959,131.500000000,50
GAZP,0,20160126,100959,131.500000000,100
GAZP,0,20160126,100959,131.500000000,500
GAZP,0,20160126,100959,131.500000000,70
GAZP,0,20160126,100959,131.500000000,500
GAZP,0,20160126,100959,131.500000000,200
GAZP,0,20160126,100959,131.490000000,10
GAZP,0,20160126,100959,131.500000000,50
GAZP,0,20160126,100959,131.500000000,260
GAZP,0,20160126,100959,131.500000000,10
GAZP,0,20160126,100959,131.500000000,260
GAZP,0,20160126,100959,131.500000000,50
GAZP,0,20160126,100959,131.500000000,260
GAZP,0,20160126,100959,131.500000000,200
GAZP,0,20160126,101000,131.500000000,260
GAZP,0,20160126,101000,131.500000000,10
GAZP,0,20160126,101001,131.500000000,200
GAZP,0,20160126,101001,131.500000000,200
GAZP,0,20160126,101002,131.500000000,200
GAZP,0,20160126,101002,131.500000000,60
GAZP,0,20160126,101003,131.500000000,60
GAZP,0,20160126,101003,131.500000000,1490
GAZP,0,20160126,101003,131.500000000,950
GAZP,0,20160126,101003,131.500000000,70
GAZP,0,20160126,101003,131.500000000,1000
GAZP,0,20160126,101003,131.500000000,2160
GAZP,0,20160126,101003,131.500000000,1900
GAZP,0,20160126,101003,131.500000000,930
GAZP,0,20160126,101003,131.500000000,10
GAZP,0,20160126,101003,131.500000000,660
GAZP,0,20160126,101003,131.500000000,340
GAZP,0,20160126,101003,131.500000000,780
GAZP,0,20160126,101004,131.500000000,220
GAZP,0,20160126,101004,131.500000000,500
GAZP,0,20160126,101004,131.500000000,30
GAZP,0,20160126,101004,131.500000000,7250
GAZP,0,20160126,101004,131.500000000,750
GAZP,0,20160126,101004,131.500000000,10
GAZP,0,20160126,101004,131.500000000,1340
GAZP,0,20160126,101004,131.500000000,3320
GAZP,0,20160126,101004,131.500000000,10
GAZP,0,20160126,101004,131.500000000,310
GAZP,0,20160126,101004,131.500000000,20
GAZP,0,20160126,101004,131.500000000,340
GAZP,0,20160126,101004,131.500000000,520
GAZP,0,20160126,101004,131.500000000,30
GAZP,0,20160126,101004,131.500000000,10
GAZP,0,20160126,101004,131.500000000,840
GAZP,0,20160126,101004,131.500000000,60
GAZP,0,20160126,101004,131.500000000,100
GAZP,0,20160126,101004,131.500000000,380
GAZP,0,20160126,101004,131.500000000,2000
GAZP,0,20160126,101004,131.500000000,190
GAZP,0,20160126,101004,131.500000000,70
GAZP,0,20160126,101004,131.500000000,500
GAZP,0,20160126,101004,131.500000000,300
GAZP,0,20160126,101004,131.500000000,200
GAZP,0,20160126,101004,131.500000000,590
GAZP,0,20160126,101004,131.500000000,730
GAZP,0,20160126,101004,131.500000000,40
GAZP,0,20160126,101004,131.500000000,30
GAZP,0,20160126,101004,131.500000000,100
GAZP,0,20160126,101004,131.500000000,10
GAZP,0,20160126,101004,131.500000000,200
GAZP,0,20160126,101004,131.500000000,120
GAZP,0,20160126,101004,131.500000000,180
GAZP,0,20160126,101004,131.500000000,390
GAZP,0,20160126,101004,131.500000000,370
GAZP,0,20160126,101004,131.500000000,60
GAZP,0,20160126,101004,131.500000000,300
GAZP,0,20160126,101004,131.500000000,10
GAZP,0,20160126,101004,131.500000000,130
GAZP,0,20160126,101004,131.500000000,50
GAZP,0,20160126,101004,131.500000000,50
GAZP,0,20160126,101004,131.500000000,260
GAZP,0,20160126,101004,131.500000000,20
GAZP,0,20160126,101004,131.500000000,140
GAZP,0,20160126,101004,131.500000000,200
GAZP,0,20160126,101004,131.500000000,390
GAZP,0,20160126,101004,131.500000000,660
GAZP,0,20160126,101004,131.500000000,130
GAZP,0,20160126,101004,131.500000000,130
GAZP,0,20160126,101004,131.500000000,260
GAZP,0,20160126,101004,131.500000000,2000
GAZP,0,20160126,101004,131.500000000,1970
GAZP,0,20160126,101004,131.500000000,260
GAZP,0,20160126,101004,131.500000000,130
GAZP,0,20160126,101004,131.500000000,200
GAZP,0,20160126,101004,131.500000000,3180
GAZP,0,20160126,101004,131.500000000,70
GAZP,0,20160126,101004,131.500000000,140
GAZP,0,20160126,101004,131.500000000,60
GAZP,0,20160126,101004,131.500000000,200
GAZP,0,20160126,101004,131.500000000,200
GAZP,0,20160126,101004,131.500000000,1000
GAZP,0,20160126,101004,131.500000000,200
GAZP,0,20160126,101004,131.500000000,50
GAZP,0,20160126,101004,131.500000000,200
GAZP,0,20160126,101004,131.500000000,100
GAZP,0,20160126,101004,131.500000000,50
GAZP,0,20160126,101004,131.500000000,10
GAZP,0,20160126,101004,131.500000000,50
GAZP,0,20160126,101004,131.500000000,2000
GAZP,0,20160126,101005,131.500000000,5000
GAZP,0,20160126,101005,131.490000000,400
GAZP,0,20160126,101005,131.500000000,80
GAZP,0,20160126,101005,131.500000000,200
GAZP,0,20160126,101005,131.500000000,40
GAZP,0,20160126,101007,131.500000000,30
GAZP,0,20160126,101009,131.500000000,470
GAZP,0,20160126,101009,131.500000000,30
GAZP,0,20160126,101011,131.500000000,200
GAZP,0,20160126,101011,131.500000000,1350
GAZP,0,20160126,101011,131.500000000,10
GAZP,0,20160126,101011,131.500000000,10
GAZP,0,20160126,101012,131.500000000,1310
GAZP,0,20160126,101013,131.500000000,1760
GAZP,0,20160126,101013,131.500000000,3350
GAZP,0,20160126,101015,131.490000000,20
GAZP,0,20160126,101015,131.500000000,480
GAZP,0,20160126,101016,131.500000000,12450
GAZP,0,20160126,101016,131.500000000,40
GAZP,0,20160126,101016,131.500000000,2000
GAZP,0,20160126,101016,131.520000000,1000
GAZP,0,20160126,101016,131.500000000,50
GAZP,0,20160126,101016,131.500000000,10
GAZP,0,20160126,101017,131.500000000,30
GAZP,0,20160126,101018,131.520000000,1000
GAZP,0,20160126,101018,131.520000000,1570
GAZP,0,20160126,101019,131.520000000,10
GAZP,0,20160126,101019,131.520000000,390
GAZP,0,20160126,101020,131.520000000,7000
GAZP,0,20160126,101020,131.500000000,80
GAZP,0,20160126,101023,131.520000000,30
GAZP,0,20160126,101023,131.540000000,40
GAZP,0,20160126,101024,131.540000000,460
GAZP,0,20160126,101024,131.550000000,5540
GAZP,0,20160126,101024,131.520000000,10
GAZP,0,20160126,101024,131.540000000,190
GAZP,0,20160126,101027,131.520000000,200
GAZP,0,20160126,101027,131.510000000,2000
GAZP,0,20160126,101028,131.500000000,5340
GAZP,0,20160126,101028,131.500000000,500
GAZP,0,20160126,101028,131.500000000,1000
GAZP,0,20160126,101028,131.500000000,500
GAZP,0,20160126,101029,131.500000000,200
GAZP,0,20160126,101029,131.490000000,2000
GAZP,0,20160126,101030,131.440000000,10
GAZP,0,20160126,101031,131.510000000,10
GAZP,0,20160126,101031,131.480000000,10
GAZP,0,20160126,101033,131.440000000,260
GAZP,0,20160126,101033,131.440000000,100
GAZP,0,20160126,101034,131.430000000,50
GAZP,0,20160126,101035,131.410000000,40
GAZP,0,20160126,101036,131.430000000,50
GAZP,0,20160126,101036,131.400000000,480
GAZP,0,20160126,101036,131.400000000,200
GAZP,0,20160126,101036,131.400000000,200
GAZP,0,20160126,101036,131.400000000,200
GAZP,0,20160126,101040,131.380000000,10
GAZP,0,20160126,101041,131.420000000,250
GAZP,0,20160126,101043,131.390000000,10
GAZP,0,20160126,101043,131.370000000,40
GAZP,0,20160126,101043,131.350000000,1000
GAZP,0,20160126,101043,131.350000000,150
GAZP,0,20160126,101043,131.340000000,20
GAZP,0,20160126,101043,131.330000000,420
GAZP,0,20160126,101043,131.320000000,370
GAZP,0,20160126,101045,131.330000000,2000
GAZP,0,20160126,101045,131.330000000,200
GAZP,0,20160126,101045,131.330000000,200
GAZP,0,20160126,101045,131.330000000,100
GAZP,0,20160126,101045,131.320000000,200
GAZP,0,20160126,101045,131.310000000,1300
GAZP,0,20160126,101045,131.310000000,700
GAZP,0,20160126,101045,131.310000000,100
GAZP,0,20160126,101045,131.310000000,2200
GAZP,0,20160126,101045,131.380000000,680
GAZP,0,20160126,101046,131.350000000,410
GAZP,0,20160126,101047,131.360000000,950
GAZP,0,20160126,101048,131.360000000,10
GAZP,0,20160126,101048,131.360000000,670
GAZP,0,20160126,101049,131.360000000,370
GAZP,0,20160126,101049,131.360000000,170
GAZP,0,20160126,101049,131.310000000,30
GAZP,0,20160126,101050,131.340000000,10
GAZP,0,20160126,101051,131.310000000,270
GAZP,0,20160126,101051,131.300000000,4280
GAZP,0,20160126,101051,131.300000000,170
GAZP,0,20160126,101051,131.300000000,10
GAZP,0,20160126,101051,131.290000000,480
GAZP,0,20160126,101055,131.280000000,50
GAZP,0,20160126,101055,131.270000000,50
GAZP,0,20160126,101055,131.320000000,10
GAZP,0,20160126,101055,131.320000000,10
GAZP,0,20160126,101055,131.320000000,30
GAZP,0,20160126,101056,131.270000000,850
GAZP,0,20160126,101058,131.270000000,400
GAZP,0,20160126,101059,131.320000000,10
GAZP,0,20160126,101103,131.310000000,10
GAZP,0,20160126,101103,131.320000000,470
GAZP,0,20160126,101105,131.320000000,200
GAZP,0,20160126,101105,131.320000000,480
GAZP,0,20160126,101105,131.320000000,20
GAZP,0,20160126,101106,131.340000000,480
GAZP,0,20160126,101106,131.290000000,20
GAZP,0,20160126,101107,131.350000000,10
GAZP,0,20160126,101108,131.350000000,50
GAZP,0,20160126,101112,131.350000000,110
GAZP,0,20160126,101112,131.350000000,1000
GAZP,0,20160126,101113,131.330000000,480
GAZP,0,20160126,101115,131.340000000,100
GAZP,0,20160126,101119,131.350000000,830
GAZP,0,20160126,101119,131.370000000,2000
GAZP,0,20160126,101119,131.370000000,500
GAZP,0,20160126,101119,131.390000000,740
GAZP,0,20160126,101119,131.340000000,380
GAZP,0,20160126,101119,131.320000000,180
GAZP,0,20160126,101119,131.390000000,10
GAZP,0,20160126,101120,131.360000000,50
GAZP,0,20160126,101120,131.390000000,30
GAZP,0,20160126,101120,131.400000000,20
GAZP,0,20160126,101120,131.410000000,360
GAZP,0,20160126,101120,131.360000000,40
GAZP,0,20160126,101121,131.360000000,390
GAZP,0,20160126,101121,131.350000000,500
GAZP,0,20160126,101121,131.340000000,710
GAZP,0,20160126,101123,131.410000000,10
GAZP,0,20160126,101123,131.420000000,1480
GAZP,0,20160126,101127,131.390000000,480
GAZP,0,20160126,101131,131.400000000,10
GAZP,0,20160126,101132,131.400000000,270
GAZP,0,20160126,101133,131.400000000,10
GAZP,0,20160126,101133,131.400000000,130
GAZP,0,20160126,101134,131.400000000,140
GAZP,0,20160126,101135,131.400000000,680
GAZP,0,20160126,101135,131.400000000,420
GAZP,0,20160126,101137,131.400000000,670
GAZP,0,20160126,101137,131.390000000,20
GAZP,0,20160126,101138,131.390000000,10
GAZP,0,20160126,101138,131.390000000,970
GAZP,0,20160126,101138,131.400000000,2380
GAZP,0,20160126,101138,131.400000000,140
GAZP,0,20160126,101139,131.380000000,10
GAZP,0,20160126,101139,131.380000000,40
GAZP,0,20160126,101139,131.400000000,3350
GAZP,0,20160126,101139,131.400000000,810
GAZP,0,20160126,101147,131.360000000,200
GAZP,0,20160126,101202,131.390000000,500
GAZP,0,20160126,101203,131.390000000,1500
GAZP,0,20160126,101203,131.400000000,1850
GAZP,0,20160126,101212,131.380000000,100
GAZP,0,20160126,101217,131.380000000,10
GAZP,0,20160126,101217,131.370000000,10
GAZP,0,20160126,101219,131.370000000,40
GAZP,0,20160126,101220,131.360000000,10
GAZP,0,20160126,101220,131.360000000,70
GAZP,0,20160126,101220,131.360000000,20
GAZP,0,20160126,101220,131.360000000,50
GAZP,0,20160126,101225,131.380000000,50
GAZP,0,20160126,101227,131.380000000,90
GAZP,0,20160126,101227,131.380000000,10
GAZP,0,20160126,101230,131.380000000,100
GAZP,0,20160126,101231,131.380000000,140
GAZP,0,20160126,101231,131.380000000,10
GAZP,0,20160126,101231,131.380000000,10
GAZP,0,20160126,101231,131.390000000,10
GAZP,0,20160126,101231,131.400000000,10
GAZP,0,20160126,101235,131.400000000,3350
GAZP,0,20160126,101236,131.400000000,20
GAZP,0,20160126,101236,131.370000000,40
GAZP,0,20160126,101236,131.400000000,10
GAZP,0,20160126,101236,131.370000000,20
GAZP,0,20160126,101241,131.390000000,1000
GAZP,0,20160126,101249,131.400000000,680
GAZP,0,20160126,101250,131.400000000,670
GAZP,0,20160126,101251,131.400000000,250
GAZP,0,20160126,101252,131.400000000,20
GAZP,0,20160126,101252,131.400000000,410
GAZP,0,20160126,101252,131.400000000,1630
GAZP,0,20160126,101253,131.400000000,20
GAZP,0,20160126,101253,131.400000000,1060
GAZP,0,20160126,101254,131.400000000,530
GAZP,0,20160126,101254,131.400000000,670
GAZP,0,20160126,101254,131.400000000,1720
GAZP,0,20160126,101254,131.400000000,6100
GAZP,0,20160126,101254,131.400000000,20
GAZP,0,20160126,101254,131.400000000,3320
GAZP,0,20160126,101254,131.400000000,3320
GAZP,0,20160126,101255,131.400000000,8000
GAZP,0,20160126,101255,131.400000000,40
GAZP,0,20160126,101255,131.400000000,7290
GAZP,0,20160126,101255,131.400000000,250
GAZP,0,20160126,101255,131.400000000,30
GAZP,0,20160126,101255,131.400000000,10
GAZP,0,20160126,101255,131.410000000,10
GAZP,0,20160126,101255,131.440000000,500
GAZP,0,20160126,101255,131.450000000,10
GAZP,0,20160126,101256,131.450000000,20
GAZP,0,20160126,101256,131.450000000,20
GAZP,0,20160126,101256,131.450000000,200
GAZP,0,20160126,101256,131.450000000,500
GAZP,0,20160126,101256,131.460000000,2000
GAZP,0,20160126,101256,131.480000000,580
GAZP,0,20160126,101256,131.480000000,40
GAZP,0,20160126,101256,131.490000000,500
GAZP,0,20160126,101256,131.500000000,30
GAZP,0,20160126,101256,131.500000000,100
GAZP,0,20160126,101256,131.500000000,100
GAZP,0,20160126,101256,131.500000000,660
GAZP,0,20160126,101256,131.500000000,1890
GAZP,0,20160126,101256,131.420000000,10
GAZP,0,20160126,101257,131.500000000,10
GAZP,0,20160126,101258,131.490000000,1310
GAZP,0,20160126,101258,131.510000000,10
GAZP,0,20160126,101301,131.480000000,2000
GAZP,0,20160126,101301,131.500000000,200
GAZP,0,20160126,101301,131.510000000,1980
GAZP,0,20160126,101301,131.510000000,200
GAZP,0,20160126,101301,131.520000000,20
GAZP,0,20160126,101305,131.490000000,2000
GAZP,0,20160126,101305,131.500000000,6000
GAZP,0,20160126,101306,131.510000000,50
GAZP,0,20160126,101307,131.500000000,400
GAZP,0,20160126,101307,131.430000000,30
GAZP,0,20160126,101309,131.500000000,400
GAZP,0,20160126,101309,131.500000000,20
GAZP,0,20160126,101309,131.510000000,480
GAZP,0,20160126,101318,131.490000000,300
GAZP,0,20160126,101325,131.500000000,20
GAZP,0,20160126,101325,131.500000000,50
GAZP,0,20160126,101325,131.500000000,20
GAZP,0,20160126,101325,131.510000000,20
GAZP,0,20160126,101325,131.510000000,890
GAZP,0,20160126,101328,131.460000000,10
GAZP,0,20160126,101331,131.500000000,10
GAZP,0,20160126,101339,131.530000000,1760
GAZP,0,20160126,101340,131.530000000,240
GAZP,0,20160126,101340,131.540000000,10
GAZP,0,20160126,101340,131.540000000,20
GAZP,0,20160126,101340,131.550000000,730
GAZP,0,20160126,101340,131.540000000,500
GAZP,0,20160126,101342,131.540000000,210
GAZP,0,20160126,101342,131.540000000,740
GAZP,0,20160126,101342,131.550000000,3320
GAZP,0,20160126,101342,131.550000000,410
GAZP,0,20160126,101342,131.550000000,10
GAZP,0,20160126,101342,131.550000000,10
GAZP,0,20160126,101342,131.550000000,20
GAZP,0,20160126,101342,131.560000000,10
GAZP,0,20160126,101342,131.560000000,30
GAZP,0,20160126,101342,131.560000000,2820
GAZP,0,20160126,101342,131.550000000,10
GAZP,0,20160126,101342,131.560000000,1210
GAZP,0,20160126,101343,131.560000000,10
GAZP,0,20160126,101343,131.560000000,3320
GAZP,0,20160126,101343,131.560000000,2640
GAZP,0,20160126,101343,131.570000000,680
GAZP,0,20160126,101343,131.570000000,1360
GAZP,0,20160126,101344,131.570000000,760
GAZP,0,20160126,101345,131.570000000,4200
GAZP,0,20160126,101346,131.570000000,1820
GAZP,0,20160126,101346,131.570000000,1860
GAZP,0,20160126,101346,131.570000000,1460
GAZP,0,20160126,101348,131.580000000,2000
GAZP,0,20160126,101348,131.580000000,2000
GAZP,0,20160126,101349,131.580000000,250
GAZP,0,20160126,101353,131.580000000,410
GAZP,0,20160126,101353,131.580000000,710
GAZP,0,20160126,101353,131.580000000,560
GAZP,0,20160126,101353,131.580000000,560
GAZP,0,20160126,101358,131.570000000,10
GAZP,0,20160126,101359,131.570000000,290
GAZP,0,20160126,101359,131.580000000,3030
GAZP,0,20160126,101359,131.580000000,1830
GAZP,0,20160126,101359,131.580000000,650
GAZP,0,20160126,101359,131.590000000,700
GAZP,0,20160126,101359,131.590000000,9300
GAZP,0,20160126,101359,131.600000000,2000
GAZP,0,20160126,101359,131.600000000,230
GAZP,0,20160126,101359,131.600000000,1500
GAZP,0,20160126,101359,131.600000000,10
GAZP,0,20160126,101359,131.600000000,30
GAZP,0,20160126,101359,131.600000000,100
GAZP,0,20160126,101359,131.600000000,50
GAZP,0,20160126,101359,131.600000000,3320
GAZP,0,20160126,101359,131.600000000,3320
GAZP,0,20160126,101359,131.600000000,260
GAZP,0,20160126,101359,131.600000000,400
GAZP,0,20160126,101359,131.600000000,2650
GAZP,0,20160126,101359,131.600000000,7510
GAZP,0,20160126,101359,131.600000000,270
GAZP,0,20160126,101359,131.600000000,440
GAZP,0,20160126,101359,131.600000000,3310
GAZP,0,20160126,101359,131.600000000,4490
GAZP,0,20160126,101359,131.600000000,3320
GAZP,0,20160126,101359,131.600000000,6830
GAZP,0,20160126,101359,131.600000000,12990
GAZP,0,20160126,101359,131.600000000,670
GAZP,0,20160126,101359,131.600000000,270
GAZP,0,20160126,101359,131.600000000,260
GAZP,0,20160126,101359,131.600000000,390
GAZP,0,20160126,101359,131.600000000,250
GAZP,0,20160126,101359,131.600000000,270
GAZP,0,20160126,101359,131.600000000,1190
GAZP,0,20160126,101359,131.600000000,260
GAZP,0,20160126,101359,131.600000000,670
GAZP,0,20160126,101359,131.600000000,130
GAZP,0,20160126,101359,131.600000000,2420
GAZP,0,20160126,101359,131.600000000,4060
GAZP,0,20160126,101359,131.600000000,380
GAZP,0,20160126,101359,131.600000000,350
GAZP,0,20160126,101359,131.600000000,1270
GAZP,0,20160126,101400,131.650000000,800
GAZP,0,20160126,101400,131.660000000,10
GAZP,0,20160126,101400,131.660000000,30
GAZP,0,20160126,101400,131.660000000,20
GAZP,0,20160126,101400,131.670000000,1000
GAZP,0,20160126,101400,131.670000000,2000
GAZP,0,20160126,101400,131.680000000,50
GAZP,0,20160126,101400,131.680000000,100
GAZP,0,20160126,101400,131.680000000,2000
GAZP,0,20160126,101400,131.690000000,20
GAZP,0,20160126,101400,131.690000000,50
GAZP,0,20160126,101400,131.690000000,500
GAZP,0,20160126,101400,131.690000000,13420
GAZP,0,20160126,101400,131.630000000,10
GAZP,0,20160126,101400,131.630000000,10
GAZP,0,20160126,101400,131.630000000,10
GAZP,0,20160126,101400,131.630000000,10
GAZP,0,20160126,101400,131.630000000,10
GAZP,0,20160126,101400,131.630000000,10
GAZP,0,20160126,101400,131.680000000,10
GAZP,0,20160126,101401,131.600000000,10
GAZP,0,20160126,101401,131.600000000,10
GAZP,0,20160126,101401,131.610000000,10
GAZP,0,20160126,101401,131.630000000,10
GAZP,0,20160126,101401,131.650000000,10
GAZP,0,20160126,101401,131.670000000,10
GAZP,0,20160126,101401,131.680000000,1990
GAZP,0,20160126,101401,131.690000000,150
GAZP,0,20160126,101401,131.690000000,830
GAZP,0,20160126,101405,131.650000000,70
GAZP,0,20160126,101406,131.600000000,100
GAZP,0,20160126,101411,131.650000000,10
GAZP,0,20160126,101411,131.650000000,10
GAZP,0,20160126,101411,131.670000000,10
GAZP,0,20160126,101413,131.670000000,50
GAZP,0,20160126,101414,131.670000000,80
GAZP,0,20160126,101422,131.600000000,30
GAZP,0,20160126,101422,131.640000000,470
GAZP,0,20160126,101423,131.650000000,80
GAZP,0,20160126,101423,131.650000000,1200
GAZP,0,20160126,101423,131.650000000,2070
GAZP,0,20160126,101423,131.650000000,720
GAZP,0,20160126,101423,131.650000000,2120
GAZP,0,20160126,101423,131.650000000,1210
GAZP,0,20160126,101423,131.650000000,740
GAZP,0,20160126,101423,131.650000000,1860
GAZP,0,20160126,101423,131.680000000,1000
GAZP,0,20160126,101423,131.690000000,10
GAZP,0,20160126,101423,131.690000000,290
GAZP,0,20160126,101423,131.690000000,1380
GAZP,0,20160126,101423,131.690000000,3320
