<TICKER>,<PER>,<DATE>,<TIME>,<LAST>,<VOL>
MMM,0,20160126,093000,141.790000000,100
MMM,0,20160126,093000,141.890000000,300
MMM,0,20160126,093000,141.790000000,100
MMM,0,20160126,093052,141.870000000,100
MMM,0,20160126,093057,141.830000000,100
MMM,0,20160126,093057,141.870000000,100
MMM,0,20160126,093057,141.880000000,100
MMM,0,20160126,093106,141.850000000,100
MMM,0,20160126,093111,141.935000000,100
MMM,0,20160126,093120,142.080000000,100
MMM,0,20160126,093120,142.080000000,100
MMM,0,20160126,093120,142.080000000,100
MMM,0,20160126,093120,142.105000000,100
MMM,0,20160126,093120,142.190000000,100
MMM,0,20160126,093121,142.200000000,100
MMM,0,20160126,093121,142.200000000,100
MMM,0,20160126,093121,142.210000000,100
MMM,0,20160126,093121,142.210000000,100
MMM,0,20160126,093122,142.250000000,100
MMM,0,20160126,093122,142.250000000,100
MMM,0,20160126,093122,142.300000000,100
MMM,0,20160126,093129,142.220000000,100
MMM,0,20160126,093129,142.210000000,100
MMM,0,20160126,093133,142.350000000,100
MMM,0,20160126,093143,141.710000000,100
MMM,0,20160126,093143,141.720000000,100
MMM,0,20160126,093143,141.740000000,100
MMM,0,20160126,093143,141.750000000,100
MMM,0,20160126,093146,141.960000000,100
MMM,0,20160126,093146,141.970000000,100
MMM,0,20160126,093146,141.970000000,100
MMM,0,20160126,093146,141.970000000,100
MMM,0,20160126,093146,141.980000000,100
MMM,0,20160126,093146,141.980000000,100
MMM,0,20160126,093207,141.970000000,100
MMM,0,20160126,093220,141.600000000,100
MMM,0,20160126,093238,141.030000000,100
MMM,0,20160126,093238,141.030000000,100
MMM,0,20160126,093238,141.030000000,100
MMM,0,20160126,093238,141.030000000,900
MMM,0,20160126,093238,141.030000000,100
MMM,0,20160126,093239,141.040000000,100
MMM,0,20160126,093251,140.710000000,100
MMM,0,20160126,093254,140.780000000,100
MMM,0,20160126,093302,140.510000000,100
MMM,0,20160126,093304,140.450000000,100
MMM,0,20160126,093309,140.530000000,100
MMM,0,20160126,093309,140.530000000,100
MMM,0,20160126,093309,140.530000000,100
MMM,0,20160126,093317,140.510000000,100
MMM,0,20160126,093317,140.510000000,100
MMM,0,20160126,093317,140.550000000,100
MMM,0,20160126,093318,140.550000000,100
MMM,0,20160126,093318,140.550000000,100
MMM,0,20160126,093318,140.550000000,100
MMM,0,20160126,093318,140.550000000,100
MMM,0,20160126,093320,140.550000000,100
MMM,0,20160126,093323,140.550000000,100
MMM,0,20160126,093323,140.550000000,100
MMM,0,20160126,093323,140.550000000,100
MMM,0,20160126,093323,140.550000000,100
MMM,0,20160126,093323,140.550000000,100
MMM,0,20160126,093323,140.550000000,100
MMM,0,20160126,093323,140.550000000,100
MMM,0,20160126,093325,140.660000000,115
MMM,0,20160126,093328,140.980000000,100
MMM,0,20160126,093330,140.960000000,100
MMM,0,20160126,093342,141.210000000,100
MMM,0,20160126,093400,141.410000000,100
MMM,0,20160126,093400,141.410000000,100
MMM,0,20160126,093400,141.410000000,100
MMM,0,20160126,093400,141.410000000,201
MMM,0,20160126,093400,141.410000000,100
MMM,0,20160126,093400,141.410000000,100
MMM,0,20160126,093401,141.470000000,100
MMM,0,20160126,093401,141.470000000,100
MMM,0,20160126,093401,141.470000000,100
MMM,0,20160126,093401,141.470000000,100
MMM,0,20160126,093401,141.470000000,100
MMM,0,20160126,093437,142.010000000,195
MMM,0,20160126,093449,141.870000000,100
MMM,0,20160126,093449,141.870000000,100
MMM,0,20160126,093450,141.930000000,100
MMM,0,20160126,093450,141.960000000,100
MMM,0,20160126,093450,141.960000000,100
MMM,0,20160126,093450,141.960000000,100
MMM,0,20160126,093450,141.960000000,100
MMM,0,20160126,093450,141.960000000,100
MMM,0,20160126,093510,142.250000000,100
MMM,0,20160126,093512,142.250000000,404
MMM,0,20160126,093512,142.250000000,196
MMM,0,20160126,093512,142.250000000,100
MMM,0,20160126,093515,142.370000000,100
MMM,0,20160126,093517,142.460000000,100
MMM,0,20160126,093517,142.480000000,100
MMM,0,20160126,093517,142.500000000,200
MMM,0,20160126,093521,142.610000000,100
MMM,0,20160126,093522,142.700000000,100
MMM,0,20160126,093526,142.780000000,100
MMM,0,20160126,093527,142.880000000,100
MMM,0,20160126,093527,142.880000000,100
MMM,0,20160126,093539,142.880000000,100
MMM,0,20160126,093539,142.880000000,100
MMM,0,20160126,093552,142.540000000,100
MMM,0,20160126,093552,142.545000000,100
MMM,0,20160126,093555,142.545000000,100
MMM,0,20160126,093609,142.880000000,100
MMM,0,20160126,093609,142.900000000,100
MMM,0,20160126,093631,142.860000000,100
MMM,0,20160126,093631,142.850000000,100
MMM,0,20160126,093631,142.850000000,100
MMM,0,20160126,093632,142.870000000,100
MMM,0,20160126,093636,142.980000000,100
MMM,0,20160126,093637,143.160000000,100
MMM,0,20160126,093637,143.160000000,100
MMM,0,20160126,093647,143.000000000,100
MMM,0,20160126,093701,142.680000000,100
MMM,0,20160126,093701,142.670000000,100
MMM,0,20160126,093703,142.680000000,100
MMM,0,20160126,093719,142.830000000,300
MMM,0,20160126,093738,142.780000000,100
MMM,0,20160126,093738,142.770000000,100
MMM,0,20160126,093738,142.740000000,100
MMM,0,20160126,093738,142.740000000,100
MMM,0,20160126,093810,142.700000000,100
MMM,0,20160126,093821,142.960000000,100
MMM,0,20160126,093822,142.970000000,100
MMM,0,20160126,093822,142.970000000,100
MMM,0,20160126,093831,143.180000000,200
MMM,0,20160126,093836,143.060000000,100
MMM,0,20160126,093845,143.270000000,100
MMM,0,20160126,093845,143.270000000,100
MMM,0,20160126,093845,143.240000000,100
MMM,0,20160126,093845,143.220000000,100
MMM,0,20160126,093845,143.220000000,100
MMM,0,20160126,093855,143.170000000,100
MMM,0,20160126,093906,143.270000000,100
MMM,0,20160126,093921,143.200000000,100
MMM,0,20160126,093921,143.200000000,100
MMM,0,20160126,093921,143.200000000,100
MMM,0,20160126,093945,143.060000000,100
MMM,0,20160126,093951,143.370000000,100
MMM,0,20160126,093953,143.330000000,100
MMM,0,20160126,093956,143.470000000,165
MMM,0,20160126,094002,143.460000000,100
MMM,0,20160126,094002,143.450000000,100
MMM,0,20160126,094002,143.450000000,114
MMM,0,20160126,094002,143.440000000,100
MMM,0,20160126,094004,143.520000000,100
MMM,0,20160126,094006,143.410000000,100
MMM,0,20160126,094018,143.390000000,100
MMM,0,20160126,094031,143.400000000,100
MMM,0,20160126,094031,143.390000000,100
MMM,0,20160126,094031,143.340000000,100
MMM,0,20160126,094037,143.420000000,200
MMM,0,20160126,094042,143.390000000,100
MMM,0,20160126,094043,143.430000000,100
MMM,0,20160126,094047,143.490000000,200
MMM,0,20160126,094048,143.550000000,100
MMM,0,20160126,094050,143.580000000,100
MMM,0,20160126,094056,143.600000000,300
MMM,0,20160126,094056,143.550000000,100
MMM,0,20160126,094057,143.590000000,100
MMM,0,20160126,094057,143.600000000,100
MMM,0,20160126,094057,143.600000000,200
MMM,0,20160126,094058,143.600000000,100
MMM,0,20160126,094058,143.600000000,200
MMM,0,20160126,094100,143.520000000,100
MMM,0,20160126,094106,143.300000000,100
MMM,0,20160126,094120,143.220000000,100
MMM,0,20160126,094120,143.200000000,100
MMM,0,20160126,094120,143.170000000,100
MMM,0,20160126,094130,143.220000000,100
MMM,0,20160126,094213,143.250000000,100
MMM,0,20160126,094234,143.220000000,100
MMM,0,20160126,094250,143.190000000,100
MMM,0,20160126,094306,142.920000000,200
MMM,0,20160126,094306,142.900000000,100
MMM,0,20160126,094306,142.900000000,100
MMM,0,20160126,094320,143.070000000,100
MMM,0,20160126,094327,143.040000000,100
MMM,0,20160126,094327,143.050000000,100
MMM,0,20160126,094327,143.060000000,200
MMM,0,20160126,094329,143.060000000,100
MMM,0,20160126,094329,143.070000000,100
MMM,0,20160126,094400,143.060000000,100
MMM,0,20160126,094436,143.250000000,100
MMM,0,20160126,094437,143.180000000,300
MMM,0,20160126,094452,143.120000000,100
MMM,0,20160126,094452,143.070000000,100
MMM,0,20160126,094452,143.060000000,100
MMM,0,20160126,094452,143.050000000,100
MMM,0,20160126,094529,143.150000000,100
MMM,0,20160126,094544,143.140000000,100
MMM,0,20160126,094605,143.210000000,100
MMM,0,20160126,094617,143.160000000,100
MMM,0,20160126,094657,143.120000000,100
MMM,0,20160126,094657,143.140000000,100
MMM,0,20160126,094657,143.150000000,100
MMM,0,20160126,094657,143.150000000,200
MMM,0,20160126,094733,143.300000000,100
MMM,0,20160126,094901,143.120000000,100
MMM,0,20160126,094901,143.110000000,200
MMM,0,20160126,094901,143.110000000,166
MMM,0,20160126,094901,143.110000000,100
MMM,0,20160126,094915,143.150000000,100
MMM,0,20160126,094915,143.150000000,100
MMM,0,20160126,094915,143.200000000,100
MMM,0,20160126,094916,143.220000000,100
MMM,0,20160126,094917,143.210000000,100
MMM,0,20160126,094922,143.250000000,100
MMM,0,20160126,095006,143.330000000,100
MMM,0,20160126,095010,143.510000000,100
MMM,0,20160126,095011,143.570000000,100
MMM,0,20160126,095017,143.590000000,100
MMM,0,20160126,095030,143.620000000,500
MMM,0,20160126,095049,143.850000000,100
MMM,0,20160126,095049,143.810000000,100
MMM,0,20160126,095049,143.800000000,100
MMM,0,20160126,095049,143.790000000,150
MMM,0,20160126,095051,143.800000000,100
MMM,0,20160126,095051,143.790000000,100
MMM,0,20160126,095051,143.790000000,100
MMM,0,20160126,095051,143.790000000,150
MMM,0,20160126,095105,143.850000000,100
MMM,0,20160126,095105,143.850000000,100
MMM,0,20160126,095105,143.830000000,100
MMM,0,20160126,095105,143.810000000,100
MMM,0,20160126,095112,143.890000000,100
MMM,0,20160126,095112,143.890000000,100
MMM,0,20160126,095112,143.890000000,100
MMM,0,20160126,095120,143.740000000,117
MMM,0,20160126,095157,143.860000000,100
MMM,0,20160126,095215,144.000000000,150
MMM,0,20160126,095215,144.000000000,200
MMM,0,20160126,095215,144.000000000,410
MMM,0,20160126,095215,144.000000000,494
MMM,0,20160126,095215,144.000000000,115
MMM,0,20160126,095243,144.150000000,100
MMM,0,20160126,095243,144.140000000,100
MMM,0,20160126,095243,144.140000000,100
MMM,0,20160126,095305,144.190000000,100
MMM,0,20160126,095306,144.130000000,100
MMM,0,20160126,095306,144.130000000,100
MMM,0,20160126,095306,144.090000000,100
MMM,0,20160126,095317,144.190000000,100
MMM,0,20160126,095323,144.200000000,100
MMM,0,20160126,095325,144.200000000,100
MMM,0,20160126,095325,144.200000000,100
MMM,0,20160126,095326,144.200000000,100
MMM,0,20160126,095335,144.180000000,100
MMM,0,20160126,095335,144.170000000,100
MMM,0,20160126,095347,144.070000000,200
MMM,0,20160126,095348,144.030000000,100
MMM,0,20160126,095420,144.050000000,100
MMM,0,20160126,095428,144.200000000,100
MMM,0,20160126,095428,144.200000000,100
MMM,0,20160126,095432,144.240000000,100
MMM,0,20160126,095436,144.240000000,100
MMM,0,20160126,095439,144.270000000,100
MMM,0,20160126,095439,144.300000000,100
MMM,0,20160126,095440,144.360000000,100
MMM,0,20160126,095441,144.320000000,100
MMM,0,20160126,095441,144.320000000,100
MMM,0,20160126,095441,144.380000000,100
MMM,0,20160126,095441,144.390000000,100
MMM,0,20160126,095441,144.390000000,100
MMM,0,20160126,095443,144.380000000,100
MMM,0,20160126,095443,144.380000000,100
MMM,0,20160126,095443,144.380000000,100
MMM,0,20160126,095444,144.320000000,100
MMM,0,20160126,095447,144.270000000,100
MMM,0,20160126,095447,144.270000000,100
MMM,0,20160126,095447,144.260000000,100
MMM,0,20160126,095448,144.230000000,100
MMM,0,20160126,095448,144.230000000,100
MMM,0,20160126,095448,144.110000000,100
MMM,0,20160126,095458,144.010000000,100
MMM,0,20160126,095536,144.050000000,100
MMM,0,20160126,095536,144.060000000,100
MMM,0,20160126,095540,144.000000000,100
MMM,0,20160126,095540,144.000000000,100
MMM,0,20160126,095540,143.880000000,100
MMM,0,20160126,095540,143.830000000,100
MMM,0,20160126,095558,143.770000000,100
MMM,0,20160126,095558,143.770000000,100
MMM,0,20160126,095559,143.730000000,100
MMM,0,20160126,095608,143.530000000,200
MMM,0,20160126,095608,143.530000000,100
MMM,0,20160126,095616,143.470000000,100
MMM,0,20160126,095620,143.480000000,100
MMM,0,20160126,095620,143.480000000,100
MMM,0,20160126,095622,143.540000000,100
MMM,0,20160126,095642,143.490000000,100
MMM,0,20160126,095642,143.480000000,100
MMM,0,20160126,095642,143.480000000,100
MMM,0,20160126,095643,143.470000000,100
MMM,0,20160126,095655,143.310000000,100
MMM,0,20160126,095657,143.320000000,100
MMM,0,20160126,095737,143.530000000,100
MMM,0,20160126,095743,143.510000000,100
MMM,0,20160126,095744,143.520000000,100
MMM,0,20160126,095808,143.400000000,100
MMM,0,20160126,095813,143.450000000,100
MMM,0,20160126,095817,143.460000000,100
MMM,0,20160126,095826,143.570000000,100
MMM,0,20160126,095826,143.590000000,300
MMM,0,20160126,095837,143.570000000,100
MMM,0,20160126,095847,143.780000000,100
MMM,0,20160126,095859,143.880000000,100
MMM,0,20160126,095903,143.840000000,100
MMM,0,20160126,095903,143.830000000,100
MMM,0,20160126,095903,143.800000000,100
MMM,0,20160126,095910,143.770000000,100
MMM,0,20160126,095920,143.560000000,100
MMM,0,20160126,095920,143.590000000,100
MMM,0,20160126,100005,143.570000000,100
MMM,0,20160126,100005,143.570000000,100
MMM,0,20160126,100005,143.570000000,100
MMM,0,20160126,100005,143.580000000,100
MMM,0,20160126,100005,143.580000000,100
MMM,0,20160126,100006,143.620000000,100
MMM,0,20160126,100011,143.760000000,100
MMM,0,20160126,100011,143.790000000,100
MMM,0,20160126,100011,143.740000000,100
MMM,0,20160126,100012,143.810000000,100
MMM,0,20160126,100016,143.890000000,100
MMM,0,20160126,100024,143.930000000,100
MMM,0,20160126,100025,143.950000000,100
MMM,0,20160126,100042,144.000000000,123
MMM,0,20160126,100042,144.000000000,100
MMM,0,20160126,100042,144.000000000,100
MMM,0,20160126,100042,144.000000000,300
MMM,0,20160126,100053,143.930000000,200
MMM,0,20160126,100059,143.970000000,100
MMM,0,20160126,100059,143.970000000,100
MMM,0,20160126,100059,143.970000000,100
MMM,0,20160126,100103,143.930000000,100
MMM,0,20160126,100106,143.910000000,100
MMM,0,20160126,100106,143.900000000,100
MMM,0,20160126,100107,143.860000000,100
MMM,0,20160126,100107,143.840000000,100
MMM,0,20160126,100112,143.880000000,100
MMM,0,20160126,100136,143.780000000,100
MMM,0,20160126,100142,143.720000000,100
MMM,0,20160126,100158,143.735000000,100
MMM,0,20160126,100204,143.755000000,100
MMM,0,20160126,100207,143.780000000,100
MMM,0,20160126,100211,143.740000000,100
MMM,0,20160126,100211,143.740000000,100
MMM,0,20160126,100211,143.730000000,100
MMM,0,20160126,100211,143.710000000,100
MMM,0,20160126,100221,143.660000000,100
MMM,0,20160126,100221,143.660000000,100
MMM,0,20160126,100225,143.650000000,100
MMM,0,20160126,100227,143.560000000,100
MMM,0,20160126,100227,143.550000000,100
MMM,0,20160126,100227,143.520000000,100
MMM,0,20160126,100227,143.460000000,200
MMM,0,20160126,100240,143.500000000,100
MMM,0,20160126,100240,143.510000000,100
MMM,0,20160126,100240,143.510000000,100
MMM,0,20160126,100255,143.460000000,100
MMM,0,20160126,100255,143.460000000,100
MMM,0,20160126,100255,143.440000000,100
MMM,0,20160126,100255,143.420000000,100
MMM,0,20160126,100310,143.380000000,100
MMM,0,20160126,100310,143.380000000,100
MMM,0,20160126,100310,143.390000000,100
MMM,0,20160126,100315,143.500000000,100
MMM,0,20160126,100321,143.500000000,100
MMM,0,20160126,100321,143.500000000,100
MMM,0,20160126,100321,143.490000000,100
MMM,0,20160126,100346,143.850000000,100
MMM,0,20160126,100402,143.730000000,100
MMM,0,20160126,100403,143.720000000,100
MMM,0,20160126,100403,143.680000000,100
MMM,0,20160126,100419,143.510000000,100
MMM,0,20160126,100441,143.700000000,100
MMM,0,20160126,100444,143.660000000,100
MMM,0,20160126,100444,143.650000000,100
MMM,0,20160126,100444,143.650000000,100
MMM,0,20160126,100450,143.660000000,100
MMM,0,20160126,100506,143.610000000,100
MMM,0,20160126,100508,143.570000000,100
MMM,0,20160126,100524,143.520000000,100
MMM,0,20160126,100550,143.560000000,100
MMM,0,20160126,100551,143.640000000,200
MMM,0,20160126,100552,143.650000000,100
MMM,0,20160126,100552,143.650000000,200
MMM,0,20160126,100552,143.650000000,100
MMM,0,20160126,100552,143.650000000,100
MMM,0,20160126,100552,143.640000000,100
MMM,0,20160126,100557,143.630000000,100
MMM,0,20160126,100619,143.570000000,100
MMM,0,20160126,100633,143.630000000,100
MMM,0,20160126,100640,143.580000000,100
MMM,0,20160126,100642,143.550000000,100
MMM,0,20160126,100702,143.600000000,100
MMM,0,20160126,100702,143.630000000,100
MMM,0,20160126,100713,143.770000000,100
MMM,0,20160126,100713,143.750000000,100
MMM,0,20160126,100759,143.970000000,100
MMM,0,20160126,100802,143.970000000,100
MMM,0,20160126,100802,143.960000000,100
MMM,0,20160126,100802,143.950000000,100
MMM,0,20160126,100802,143.960000000,100
MMM,0,20160126,100803,143.930000000,100
MMM,0,20160126,100804,143.930000000,100
MMM,0,20160126,100809,143.990000000,100
MMM,0,20160126,100809,144.000000000,100
MMM,0,20160126,100810,144.020000000,196
MMM,0,20160126,100818,144.010000000,100
MMM,0,20160126,100824,144.120000000,200
MMM,0,20160126,100826,144.120000000,100
MMM,0,20160126,100828,144.190000000,100
MMM,0,20160126,100835,144.170000000,100
MMM,0,20160126,100835,144.130000000,100
MMM,0,20160126,100837,144.100000000,100
MMM,0,20160126,100849,144.045000000,100
MMM,0,20160126,100852,144.045000000,100
MMM,0,20160126,100858,144.040000000,100
MMM,0,20160126,100909,143.980000000,100
MMM,0,20160126,100911,143.930000000,100
MMM,0,20160126,100917,143.840000000,100
MMM,0,20160126,100917,143.860000000,100
MMM,0,20160126,100917,143.880000000,100
MMM,0,20160126,100933,144.000000000,100
MMM,0,20160126,100939,143.970000000,100
MMM,0,20160126,100939,143.990000000,100
MMM,0,20160126,100950,143.970000000,100
MMM,0,20160126,100955,143.840000000,100
MMM,0,20160126,100955,143.820000000,100
MMM,0,20160126,100955,143.780000000,100
MMM,0,20160126,100955,143.780000000,100
MMM,0,20160126,100955,143.710000000,100
MMM,0,20160126,100955,143.750000000,100
MMM,0,20160126,100955,143.760000000,100
MMM,0,20160126,100955,143.700000000,100
MMM,0,20160126,100955,143.730000000,100
MMM,0,20160126,100958,143.770000000,100
MMM,0,20160126,100958,143.770000000,100
MMM,0,20160126,101029,143.960000000,100
MMM,0,20160126,101033,144.030000000,100
MMM,0,20160126,101033,144.030000000,100
MMM,0,20160126,101038,144.070000000,100
MMM,0,20160126,101039,144.030000000,100
MMM,0,20160126,101041,144.000000000,100
MMM,0,20160126,101041,144.000000000,100
MMM,0,20160126,101041,144.000000000,100
MMM,0,20160126,101041,144.000000000,100
MMM,0,20160126,101041,144.000000000,100
MMM,0,20160126,101044,143.950000000,100
MMM,0,20160126,101055,143.930000000,100
MMM,0,20160126,101055,143.920000000,100
MMM,0,20160126,101116,143.935000000,100
MMM,0,20160126,101120,143.910000000,100
MMM,0,20160126,101120,143.860000000,100
MMM,0,20160126,101120,143.895000000,100
MMM,0,20160126,101120,143.850000000,100
MMM,0,20160126,101128,143.820000000,100
MMM,0,20160126,101135,143.850000000,100
MMM,0,20160126,101148,143.760000000,200
MMM,0,20160126,101201,143.830000000,100
MMM,0,20160126,101210,143.810000000,100
MMM,0,20160126,101214,143.750000000,100
MMM,0,20160126,101300,143.860000000,100
MMM,0,20160126,101305,143.840000000,100
MMM,0,20160126,101315,143.835000000,100
MMM,0,20160126,101330,143.860000000,100
MMM,0,20160126,101330,143.860000000,100
MMM,0,20160126,101331,143.860000000,100
MMM,0,20160126,101332,143.850000000,100
MMM,0,20160126,101332,143.830000000,100
MMM,0,20160126,101332,143.810000000,100
MMM,0,20160126,101422,143.710000000,100
MMM,0,20160126,101456,143.740000000,100
MMM,0,20160126,101456,143.740000000,100
MMM,0,20160126,101501,143.825000000,100
MMM,0,20160126,101501,143.840000000,100
MMM,0,20160126,101501,143.850000000,100
MMM,0,20160126,101504,143.810000000,100
MMM,0,20160126,101504,143.800000000,100
MMM,0,20160126,101510,143.820000000,100
MMM,0,20160126,101510,143.820000000,100
MMM,0,20160126,101528,143.820000000,100
MMM,0,20160126,101539,143.880000000,200
MMM,0,20160126,101550,143.920000000,100
MMM,0,20160126,101608,144.000000000,100
MMM,0,20160126,101610,144.000000000,100
MMM,0,20160126,101611,144.020000000,100
MMM,0,20160126,101611,144.010000000,100
MMM,0,20160126,101611,143.960000000,100
MMM,0,20160126,101611,143.950000000,100
MMM,0,20160126,101611,143.970000000,100
MMM,0,20160126,101613,143.930000000,100
MMM,0,20160126,101634,144.110000000,100
MMM,0,20160126,101634,144.090000000,100
MMM,0,20160126,101638,144.040000000,100
MMM,0,20160126,101638,144.040000000,100
MMM,0,20160126,101638,144.010000000,100
MMM,0,20160126,101646,144.000000000,100
MMM,0,20160126,101646,144.000000000,100
MMM,0,20160126,101646,144.000000000,100
MMM,0,20160126,101648,144.000000000,100
MMM,0,20160126,101651,144.000000000,100
MMM,0,20160126,101656,144.000000000,100
MMM,0,20160126,101656,144.000000000,100
MMM,0,20160126,101656,144.000000000,100
MMM,0,20160126,101656,144.000000000,100
MMM,0,20160126,101656,144.000000000,100
MMM,0,20160126,101656,143.960000000,100
MMM,0,20160126,101707,143.910000000,100
MMM,0,20160126,101716,143.940000000,100
MMM,0,20160126,101722,143.910000000,100
MMM,0,20160126,101729,143.950000000,100
MMM,0,20160126,101820,143.940000000,100
MMM,0,20160126,101829,143.990000000,100
MMM,0,20160126,101829,144.000000000,100
MMM,0,20160126,101829,144.000000000,100
MMM,0,20160126,101829,144.000000000,100
MMM,0,20160126,101829,143.990000000,100
MMM,0,20160126,101829,143.990000000,100
MMM,0,20160126,101829,143.990000000,100
MMM,0,20160126,101906,144.000000000,100
MMM,0,20160126,101906,144.000000000,100
MMM,0,20160126,101906,144.000000000,100
MMM,0,20160126,101906,144.000000000,100
MMM,0,20160126,101906,144.000000000,100
MMM,0,20160126,101908,143.970000000,100
MMM,0,20160126,101930,143.960000000,200
MMM,0,20160126,101930,143.950000000,100
MMM,0,20160126,101930,143.940000000,100
MMM,0,20160126,101945,143.920000000,100
MMM,0,20160126,102002,144.000000000,100
MMM,0,20160126,102011,144.150000000,200
MMM,0,20160126,102011,144.150000000,100
MMM,0,20160126,102011,144.150000000,1000
MMM,0,20160126,102011,144.150000000,100
MMM,0,20160126,102011,144.150000000,100
MMM,0,20160126,102012,144.150000000,300
MMM,0,20160126,102012,144.150000000,150
MMM,0,20160126,102012,144.150000000,500
MMM,0,20160126,102012,144.150000000,100
MMM,0,20160126,102012,144.150000000,100
MMM,0,20160126,102012,144.150000000,340
MMM,0,20160126,102031,144.210000000,100
MMM,0,20160126,102031,144.200000000,300
MMM,0,20160126,102031,144.200000000,100
MMM,0,20160126,102031,144.200000000,100
MMM,0,20160126,102031,144.190000000,100
MMM,0,20160126,102032,144.150000000,200
MMM,0,20160126,102038,144.080000000,100
MMM,0,20160126,102105,144.170000000,100
MMM,0,20160126,102105,144.180000000,100
MMM,0,20160126,102109,144.190000000,100
MMM,0,20160126,102113,144.200000000,100
MMM,0,20160126,102117,144.250000000,100
MMM,0,20160126,102119,144.300000000,100
MMM,0,20160126,102120,144.310000000,100
MMM,0,20160126,102121,144.300000000,100
MMM,0,20160126,102123,144.290000000,100
MMM,0,20160126,102123,144.260000000,100
MMM,0,20160126,102124,144.260000000,100
MMM,0,20160126,102124,144.260000000,100
MMM,0,20160126,102147,144.240000000,100
MMM,0,20160126,102147,144.260000000,100
MMM,0,20160126,102147,144.260000000,100
MMM,0,20160126,102157,144.250000000,100
MMM,0,20160126,102207,144.260000000,100
MMM,0,20160126,102207,144.260000000,100
MMM,0,20160126,102217,144.290000000,100
MMM,0,20160126,102217,144.270000000,100
MMM,0,20160126,102221,144.220000000,100
MMM,0,20160126,102352,144.330000000,100
MMM,0,20160126,102407,144.300000000,100
MMM,0,20160126,102425,144.270000000,100
MMM,0,20160126,102426,144.225000000,100
MMM,0,20160126,102429,144.225000000,100
MMM,0,20160126,102501,144.330000000,100
MMM,0,20160126,102503,144.420000000,100
MMM,0,20160126,102503,144.450000000,100
MMM,0,20160126,102503,144.450000000,100
MMM,0,20160126,102503,144.440000000,100
MMM,0,20160126,102503,144.450000000,100
MMM,0,20160126,102503,144.470000000,100
MMM,0,20160126,102511,144.430000000,100
MMM,0,20160126,102516,144.430000000,100
MMM,0,20160126,102516,144.415000000,100
MMM,0,20160126,102532,144.460000000,100
MMM,0,20160126,102538,144.430000000,100
MMM,0,20160126,102538,144.420000000,100
MMM,0,20160126,102543,144.410000000,100
MMM,0,20160126,102554,144.400000000,100
MMM,0,20160126,102601,144.425000000,100
MMM,0,20160126,102602,144.420000000,200
MMM,0,20160126,102608,144.400000000,100
MMM,0,20160126,102608,144.400000000,100
MMM,0,20160126,102608,144.395000000,100
MMM,0,20160126,102610,144.345000000,100
MMM,0,20160126,102631,144.365000000,100
MMM,0,20160126,102634,144.340000000,100
MMM,0,20160126,102634,144.330000000,100
MMM,0,20160126,102658,144.365000000,100
MMM,0,20160126,102659,144.380000000,100
MMM,0,20160126,102700,144.350000000,100
MMM,0,20160126,102702,144.355000000,100
MMM,0,20160126,102702,144.355000000,100
MMM,0,20160126,102734,144.300000000,100
MMM,0,20160126,102736,144.260000000,100
MMM,0,20160126,102758,144.290000000,100
MMM,0,20160126,102758,144.310000000,100
MMM,0,20160126,102800,144.310000000,100
MMM,0,20160126,102800,144.310000000,100
MMM,0,20160126,102806,144.260000000,100
MMM,0,20160126,102807,144.180000000,100
MMM,0,20160126,102807,144.180000000,100
MMM,0,20160126,102817,144.245000000,300
MMM,0,20160126,102818,144.235000000,100
MMM,0,20160126,102824,144.225000000,100
MMM,0,20160126,102830,144.225000000,100
MMM,0,20160126,102857,144.200000000,100
MMM,0,20160126,102901,144.180000000,100
MMM,0,20160126,102901,144.180000000,100
MMM,0,20160126,102914,144.160000000,100
MMM,0,20160126,102914,144.160000000,100
MMM,0,20160126,102914,144.160000000,100
MMM,0,20160126,102922,144.210000000,100
MMM,0,20160126,102925,144.210000000,100
MMM,0,20160126,102929,144.215000000,100
MMM,0,20160126,102930,144.215000000,100
MMM,0,20160126,102930,144.230000000,100
MMM,0,20160126,102931,144.230000000,100
MMM,0,20160126,102931,144.230000000,500
MMM,0,20160126,102931,144.230000000,300
MMM,0,20160126,102932,144.245000000,100
MMM,0,20160126,102939,144.305000000,100
MMM,0,20160126,102939,144.305000000,100
MMM,0,20160126,102939,144.305000000,100
MMM,0,20160126,102939,144.305000000,100
MMM,0,20160126,102940,144.300000000,100
MMM,0,20160126,102944,144.330000000,100
MMM,0,20160126,102944,144.330000000,100
MMM,0,20160126,102944,144.310000000,100
MMM,0,20160126,102951,144.275000000,100
MMM,0,20160126,103005,144.280000000,100
MMM,0,20160126,103005,144.275000000,100
MMM,0,20160126,103005,144.270000000,100
MMM,0,20160126,103017,144.240000000,100
MMM,0,20160126,103017,144.250000000,100
MMM,0,20160126,103020,144.230000000,100
MMM,0,20160126,103033,144.280000000,100
MMM,0,20160126,103033,144.290000000,100
MMM,0,20160126,103033,144.290000000,100
MMM,0,20160126,103033,144.290000000,100
MMM,0,20160126,103033,144.290000000,100
MMM,0,20160126,103033,144.290000000,100
MMM,0,20160126,103033,144.290000000,100
MMM,0,20160126,103035,144.330000000,100
MMM,0,20160126,103035,144.330000000,100
MMM,0,20160126,103035,144.330000000,100
MMM,0,20160126,103041,144.310000000,100
MMM,0,20160126,103041,144.310000000,150
MMM,0,20160126,103043,144.310000000,100
MMM,0,20160126,103044,144.290000000,100
MMM,0,20160126,103109,144.285000000,100
MMM,0,20160126,103113,144.290000000,100
MMM,0,20160126,103113,144.290000000,100
MMM,0,20160126,103113,144.290000000,100
MMM,0,20160126,103114,144.280000000,200
MMM,0,20160126,103130,144.320000000,100
MMM,0,20160126,103159,144.340000000,100
MMM,0,20160126,103159,144.340000000,100
MMM,0,20160126,103208,144.240000000,100
MMM,0,20160126,103219,144.255000000,100
MMM,0,20160126,103219,144.255000000,100
MMM,0,20160126,103222,144.255000000,100
MMM,0,20160126,103222,144.255000000,100
MMM,0,20160126,103222,144.255000000,100
MMM,0,20160126,103222,144.255000000,100
MMM,0,20160126,103222,144.255000000,100
MMM,0,20160126,103239,144.210000000,105
MMM,0,20160126,103244,144.150000000,100
MMM,0,20160126,103245,144.140000000,100
MMM,0,20160126,103247,144.110000000,100
MMM,0,20160126,103313,144.130000000,100
MMM,0,20160126,103313,144.130000000,100
MMM,0,20160126,103314,144.145000000,100
MMM,0,20160126,103314,144.145000000,100
MMM,0,20160126,103335,144.190000000,100
MMM,0,20160126,103335,144.190000000,100
MMM,0,20160126,103359,144.200000000,100
MMM,0,20160126,103359,144.180000000,100
MMM,0,20160126,103403,144.150000000,100
MMM,0,20160126,103403,144.150000000,100
MMM,0,20160126,103442,144.130000000,100
MMM,0,20160126,103442,144.080000000,100
MMM,0,20160126,103448,144.060000000,100
MMM,0,20160126,103539,144.120000000,100
MMM,0,20160126,103541,144.080000000,100
MMM,0,20160126,103545,144.090000000,100
MMM,0,20160126,103609,144.100000000,100
MMM,0,20160126,103626,144.090000000,100
MMM,0,20160126,103626,144.110000000,100
MMM,0,20160126,103634,144.120000000,100
MMM,0,20160126,103639,144.100000000,100
MMM,0,20160126,103640,144.105000000,100
MMM,0,20160126,103654,144.220000000,100
MMM,0,20160126,103656,144.190000000,100
MMM,0,20160126,103657,144.190000000,100
MMM,0,20160126,103704,144.190000000,100
MMM,0,20160126,103706,144.190000000,100
MMM,0,20160126,103707,144.210000000,100
MMM,0,20160126,103712,144.240000000,100
MMM,0,20160126,103717,144.250000000,100
MMM,0,20160126,103729,144.265000000,100
MMM,0,20160126,103738,144.260000000,100
MMM,0,20160126,103738,144.250000000,100
MMM,0,20160126,103742,144.240000000,100
MMM,0,20160126,103743,144.240000000,100
MMM,0,20160126,103756,144.135000000,100
MMM,0,20160126,103805,144.110000000,100
MMM,0,20160126,103805,144.110000000,100
MMM,0,20160126,103827,144.080000000,100
MMM,0,20160126,103827,144.070000000,100
MMM,0,20160126,103828,144.040000000,100
MMM,0,20160126,103828,144.040000000,100
MMM,0,20160126,103830,143.890000000,100
MMM,0,20160126,103830,143.890000000,100
MMM,0,20160126,103830,143.890000000,100
MMM,0,20160126,103830,143.890000000,100
MMM,0,20160126,103844,143.930000000,100
MMM,0,20160126,103857,143.930000000,100
MMM,0,20160126,103902,143.930000000,100
MMM,0,20160126,103902,143.930000000,100
MMM,0,20160126,103902,143.930000000,100
MMM,0,20160126,103902,143.930000000,100
MMM,0,20160126,103902,143.930000000,100
MMM,0,20160126,103905,143.880000000,100
MMM,0,20160126,103908,143.860000000,300
MMM,0,20160126,103929,143.950000000,100
MMM,0,20160126,103931,143.940000000,100
MMM,0,20160126,103931,143.940000000,200
MMM,0,20160126,103946,143.850000000,100
MMM,0,20160126,103952,143.910000000,100
MMM,0,20160126,104011,143.930000000,100
MMM,0,20160126,104027,143.950000000,100
MMM,0,20160126,104049,143.920000000,100
MMM,0,20160126,104105,143.950000000,100
MMM,0,20160126,104129,143.980000000,100
MMM,0,20160126,104129,143.940000000,100
MMM,0,20160126,104129,143.940000000,100
MMM,0,20160126,104143,143.960000000,200
MMM,0,20160126,104143,143.960000000,100
MMM,0,20160126,104203,143.950000000,100
MMM,0,20160126,104208,143.970000000,100
MMM,0,20160126,104214,143.980000000,100
MMM,0,20160126,104214,143.980000000,100
MMM,0,20160126,104225,143.990000000,100
MMM,0,20160126,104229,143.990000000,100
MMM,0,20160126,104229,143.990000000,100
MMM,0,20160126,104312,144.060000000,100
MMM,0,20160126,104323,144.010000000,100
MMM,0,20160126,104324,144.010000000,100
MMM,0,20160126,104324,144.010000000,100
MMM,0,20160126,104324,144.040000000,100
MMM,0,20160126,104353,144.130000000,100
MMM,0,20160126,104400,144.135000000,100
MMM,0,20160126,104400,144.135000000,500
MMM,0,20160126,104400,144.150000000,100
MMM,0,20160126,104402,144.185000000,100
MMM,0,20160126,104404,144.200000000,100
MMM,0,20160126,104405,144.190000000,241
MMM,0,20160126,104408,144.200000000,100
MMM,0,20160126,104415,144.205000000,100
MMM,0,20160126,104424,144.210000000,100
MMM,0,20160126,104425,144.200000000,100
MMM,0,20160126,104425,144.200000000,100
MMM,0,20160126,104426,144.205000000,100
MMM,0,20160126,104428,144.205000000,100
MMM,0,20160126,104429,144.210000000,100
MMM,0,20160126,104431,144.215000000,100
MMM,0,20160126,104431,144.215000000,100
MMM,0,20160126,104432,144.215000000,100
MMM,0,20160126,104432,144.215000000,200
MMM,0,20160126,104432,144.215000000,100
MMM,0,20160126,104432,144.215000000,100
MMM,0,20160126,104432,144.215000000,100
MMM,0,20160126,104432,144.215000000,100
MMM,0,20160126,104432,144.215000000,100
MMM,0,20160126,104432,144.215000000,100
MMM,0,20160126,104434,144.200000000,168
MMM,0,20160126,104435,144.200000000,100
MMM,0,20160126,104443,144.200000000,100
MMM,0,20160126,104449,144.240000000,200
MMM,0,20160126,104456,144.270000000,100
MMM,0,20160126,104456,144.280000000,100
MMM,0,20160126,104525,144.390000000,100
MMM,0,20160126,104526,144.370000000,100
MMM,0,20160126,104534,144.370000000,1600
MMM,0,20160126,104550,144.390000000,100
MMM,0,20160126,104554,144.370000000,100
MMM,0,20160126,104554,144.360000000,100
MMM,0,20160126,104558,144.380000000,100
MMM,0,20160126,104613,144.410000000,100
MMM,0,20160126,104617,144.360000000,100
MMM,0,20160126,104636,144.310000000,100
MMM,0,20160126,104636,144.300000000,100
MMM,0,20160126,104648,144.250000000,100
MMM,0,20160126,104650,144.210000000,100
MMM,0,20160126,104723,144.230000000,100
MMM,0,20160126,104723,144.220000000,200
MMM,0,20160126,104728,144.215000000,100
MMM,0,20160126,104731,144.220000000,100
MMM,0,20160126,104731,144.220000000,100
MMM,0,20160126,104731,144.225000000,100
MMM,0,20160126,104751,144.200000000,100
MMM,0,20160126,104751,144.200000000,100
MMM,0,20160126,104751,144.200000000,100
MMM,0,20160126,104805,144.120000000,100
MMM,0,20160126,104846,144.200000000,100
MMM,0,20160126,104904,144.270000000,100
MMM,0,20160126,104904,144.270000000,100
MMM,0,20160126,104918,144.220000000,100
MMM,0,20160126,104926,144.200000000,100
MMM,0,20160126,104936,144.250000000,100
MMM,0,20160126,104944,144.205000000,100
MMM,0,20160126,104949,144.200000000,100
MMM,0,20160126,104951,144.200000000,100
MMM,0,20160126,104958,144.200000000,100
MMM,0,20160126,104958,144.200000000,100
MMM,0,20160126,104959,144.210000000,100
MMM,0,20160126,105005,144.220000000,300
MMM,0,20160126,105005,144.220000000,100
MMM,0,20160126,105015,144.270000000,100
MMM,0,20160126,105016,144.210000000,100
MMM,0,20160126,105016,144.210000000,100
MMM,0,20160126,105016,144.210000000,100
MMM,0,20160126,105016,144.150000000,100
MMM,0,20160126,105017,144.150000000,100
MMM,0,20160126,105029,144.140000000,100
MMM,0,20160126,105029,144.140000000,100
MMM,0,20160126,105029,144.150000000,100
MMM,0,20160126,105124,144.300000000,100
MMM,0,20160126,105137,144.290000000,200
MMM,0,20160126,105140,144.290000000,100
MMM,0,20160126,105140,144.280000000,100
MMM,0,20160126,105145,144.280000000,118
MMM,0,20160126,105149,144.280000000,100
MMM,0,20160126,105151,144.280000000,100
MMM,0,20160126,105153,144.275000000,300
MMM,0,20160126,105233,144.360000000,100
MMM,0,20160126,105245,144.400000000,300
MMM,0,20160126,105304,144.410000000,100
MMM,0,20160126,105304,144.410000000,100
MMM,0,20160126,105310,144.430000000,100
MMM,0,20160126,105318,144.500000000,150
MMM,0,20160126,105318,144.560000000,100
MMM,0,20160126,105320,144.540000000,100
MMM,0,20160126,105320,144.540000000,100
MMM,0,20160126,105320,144.540000000,100
MMM,0,20160126,105320,144.530000000,100
MMM,0,20160126,105323,144.510000000,300
MMM,0,20160126,105324,144.490000000,200
MMM,0,20160126,105407,144.550000000,100
MMM,0,20160126,105409,144.550000000,100
MMM,0,20160126,105412,144.540000000,100
MMM,0,20160126,105501,144.430000000,100
MMM,0,20160126,105501,144.430000000,100
MMM,0,20160126,105501,144.430000000,100
MMM,0,20160126,105558,144.410000000,100
MMM,0,20160126,105617,144.400000000,100
MMM,0,20160126,105632,144.415000000,100
MMM,0,20160126,105658,144.410000000,100
MMM,0,20160126,105658,144.410000000,100
MMM,0,20160126,105658,144.410000000,100
MMM,0,20160126,105710,144.430000000,100
MMM,0,20160126,105719,144.420000000,100
MMM,0,20160126,105736,144.390000000,100
MMM,0,20160126,105745,144.290000000,100
MMM,0,20160126,105804,144.300000000,100
MMM,0,20160126,105827,144.360000000,100
MMM,0,20160126,105846,144.340000000,100
MMM,0,20160126,105846,144.330000000,100
MMM,0,20160126,105908,144.280000000,100
MMM,0,20160126,105908,144.280000000,100
MMM,0,20160126,105919,144.290000000,100
MMM,0,20160126,105933,144.290000000,100
MMM,0,20160126,105941,144.330000000,100
MMM,0,20160126,105941,144.330000000,100
MMM,0,20160126,110000,144.290000000,100
MMM,0,20160126,110005,144.300000000,100
MMM,0,20160126,110017,144.340000000,100
MMM,0,20160126,110039,144.470000000,100
MMM,0,20160126,110049,144.500000000,400
MMM,0,20160126,110126,144.490000000,100
MMM,0,20160126,110158,144.520000000,100
MMM,0,20160126,110158,144.550000000,100
MMM,0,20160126,110200,144.570000000,100
MMM,0,20160126,110201,144.560000000,100
MMM,0,20160126,110201,144.560000000,100
MMM,0,20160126,110202,144.550000000,100
MMM,0,20160126,110216,144.490000000,300
MMM,0,20160126,110216,144.490000000,100
MMM,0,20160126,110217,144.470000000,100
MMM,0,20160126,110223,144.480000000,100
MMM,0,20160126,110223,144.480000000,200
MMM,0,20160126,110246,144.420000000,100
MMM,0,20160126,110246,144.420000000,100
MMM,0,20160126,110247,144.415000000,100
MMM,0,20160126,110247,144.410000000,100
MMM,0,20160126,110249,144.390000000,100
MMM,0,20160126,110249,144.390000000,100
MMM,0,20160126,110252,144.380000000,100
MMM,0,20160126,110252,144.380000000,100
MMM,0,20160126,110252,144.380000000,100
MMM,0,20160126,110252,144.380000000,100
MMM,0,20160126,110252,144.380000000,100
MMM,0,20160126,110307,144.390000000,500
MMM,0,20160126,110309,144.395000000,100
MMM,0,20160126,110311,144.395000000,100
MMM,0,20160126,110314,144.380000000,100
MMM,0,20160126,110330,144.370000000,100
MMM,0,20160126,110333,144.330000000,100
MMM,0,20160126,110340,144.340000000,100
MMM,0,20160126,110341,144.340000000,100
MMM,0,20160126,110420,144.330000000,100
MMM,0,20160126,110447,144.380000000,100
MMM,0,20160126,110452,144.385000000,200
MMM,0,20160126,110452,144.385000000,100
MMM,0,20160126,110458,144.390000000,100
MMM,0,20160126,110510,144.470000000,100
MMM,0,20160126,110530,144.400000000,100
MMM,0,20160126,110530,144.370000000,200
MMM,0,20160126,110533,144.380000000,100
MMM,0,20160126,110537,144.410000000,100
MMM,0,20160126,110543,144.430000000,100
MMM,0,20160126,110557,144.430000000,100
MMM,0,20160126,110605,144.410000000,200
MMM,0,20160126,110606,144.400000000,100
MMM,0,20160126,110606,144.390000000,400
MMM,0,20160126,110606,144.390000000,100
MMM,0,20160126,110606,144.390000000,100
MMM,0,20160126,110615,144.330000000,100
MMM,0,20160126,110625,144.280000000,100
MMM,0,20160126,110638,144.255000000,100
MMM,0,20160126,110638,144.260000000,100
MMM,0,20160126,110639,144.255000000,100
MMM,0,20160126,110648,144.255000000,100
MMM,0,20160126,110652,144.255000000,100
MMM,0,20160126,110659,144.260000000,100
MMM,0,20160126,110701,144.250000000,100
MMM,0,20160126,110701,144.250000000,100
MMM,0,20160126,110702,144.250000000,100
MMM,0,20160126,110716,144.240000000,100
MMM,0,20160126,110716,144.240000000,100
MMM,0,20160126,110756,144.230000000,100
MMM,0,20160126,110809,144.140000000,100
MMM,0,20160126,110819,144.140000000,110
MMM,0,20160126,110822,144.140000000,100
MMM,0,20160126,110831,144.150000000,100
MMM,0,20160126,110832,144.110000000,100
MMM,0,20160126,110934,144.110000000,100
MMM,0,20160126,110950,144.190000000,100
MMM,0,20160126,110958,144.190000000,100
MMM,0,20160126,110958,144.180000000,200
MMM,0,20160126,111031,144.240000000,200
MMM,0,20160126,111031,144.250000000,100
MMM,0,20160126,111032,144.240000000,100
MMM,0,20160126,111035,144.220000000,200
MMM,0,20160126,111044,144.250000000,100
MMM,0,20160126,111044,144.250000000,100
MMM,0,20160126,111044,144.250000000,100
MMM,0,20160126,111109,144.280000000,100
MMM,0,20160126,111111,144.260000000,100
MMM,0,20160126,111111,144.260000000,100
MMM,0,20160126,111122,144.265000000,100
MMM,0,20160126,111127,144.280000000,100
MMM,0,20160126,111149,144.280000000,200
MMM,0,20160126,111152,144.280000000,200
MMM,0,20160126,111154,144.280000000,100
MMM,0,20160126,111154,144.280000000,100
MMM,0,20160126,111154,144.285000000,100
MMM,0,20160126,111156,144.270000000,300
MMM,0,20160126,111156,144.260000000,100
MMM,0,20160126,111156,144.240000000,100
MMM,0,20160126,111201,144.250000000,100
MMM,0,20160126,111201,144.250000000,100
MMM,0,20160126,111242,144.320000000,100
MMM,0,20160126,111300,144.350000000,100
MMM,0,20160126,111300,144.340000000,100
MMM,0,20160126,111316,144.410000000,100
MMM,0,20160126,111316,144.420000000,100
MMM,0,20160126,111316,144.400000000,100
MMM,0,20160126,111338,144.450000000,100
MMM,0,20160126,111341,144.450000000,200
MMM,0,20160126,111341,144.450000000,100
MMM,0,20160126,111341,144.450000000,100
MMM,0,20160126,111341,144.450000000,500
MMM,0,20160126,111341,144.430000000,100
MMM,0,20160126,111341,144.430000000,100
MMM,0,20160126,111341,144.420000000,100
MMM,0,20160126,111347,144.460000000,100
MMM,0,20160126,111347,144.460000000,100
MMM,0,20160126,111355,144.460000000,100
MMM,0,20160126,111406,144.530000000,100
MMM,0,20160126,111409,144.550000000,100
MMM,0,20160126,111409,144.550000000,100
MMM,0,20160126,111409,144.550000000,100
MMM,0,20160126,111409,144.550000000,100
MMM,0,20160126,111413,144.620000000,100
MMM,0,20160126,111413,144.640000000,100
MMM,0,20160126,111425,144.690000000,100
MMM,0,20160126,111438,144.710000000,100
MMM,0,20160126,111447,144.720000000,100
MMM,0,20160126,111447,144.720000000,100
MMM,0,20160126,111454,144.670000000,200
MMM,0,20160126,111500,144.640000000,100
MMM,0,20160126,111503,144.600000000,100
MMM,0,20160126,111503,144.600000000,200
MMM,0,20160126,111505,144.540000000,100
MMM,0,20160126,111505,144.540000000,200
MMM,0,20160126,111505,144.540000000,100
MMM,0,20160126,111513,144.480000000,147
MMM,0,20160126,111513,144.485000000,100
MMM,0,20160126,111513,144.485000000,100
MMM,0,20160126,111513,144.485000000,100
MMM,0,20160126,111514,144.485000000,147
MMM,0,20160126,111527,144.420000000,100
MMM,0,20160126,111533,144.430000000,100
MMM,0,20160126,111543,144.460000000,100
MMM,0,20160126,111606,144.510000000,100
MMM,0,20160126,111609,144.480000000,100
MMM,0,20160126,111615,144.480000000,100
MMM,0,20160126,111650,144.500000000,100
MMM,0,20160126,111708,144.520000000,100
MMM,0,20160126,111708,144.520000000,100
MMM,0,20160126,111725,144.430000000,100
MMM,0,20160126,111725,144.430000000,100
MMM,0,20160126,111725,144.440000000,100
MMM,0,20160126,111746,144.490000000,100
MMM,0,20160126,111746,144.490000000,100
MMM,0,20160126,111746,144.490000000,100
MMM,0,20160126,111746,144.490000000,100
MMM,0,20160126,111755,144.510000000,100
MMM,0,20160126,111804,144.530000000,100
MMM,0,20160126,111805,144.535000000,100
MMM,0,20160126,111805,144.535000000,100
MMM,0,20160126,111805,144.535000000,100
MMM,0,20160126,111808,144.535000000,100
MMM,0,20160126,111820,144.520000000,100
MMM,0,20160126,111836,144.520000000,100
MMM,0,20160126,111836,144.510000000,100
MMM,0,20160126,111836,144.510000000,300
MMM,0,20160126,111836,144.500000000,100
MMM,0,20160126,111837,144.460000000,200
MMM,0,20160126,111851,144.460000000,100
MMM,0,20160126,111854,144.465000000,100
MMM,0,20160126,111854,144.480000000,100
MMM,0,20160126,111907,144.485000000,100
MMM,0,20160126,111913,144.500000000,100
MMM,0,20160126,111913,144.500000000,100
MMM,0,20160126,111922,144.505000000,100
MMM,0,20160126,111922,144.500000000,100
MMM,0,20160126,111922,144.500000000,100
MMM,0,20160126,111928,144.500000000,100
MMM,0,20160126,111928,144.500000000,100
MMM,0,20160126,112003,144.445000000,100
MMM,0,20160126,112003,144.460000000,100
MMM,0,20160126,112003,144.460000000,100
MMM,0,20160126,112013,144.450000000,100
MMM,0,20160126,112018,144.405000000,100
MMM,0,20160126,112018,144.420000000,100
MMM,0,20160126,112027,144.440000000,100
MMM,0,20160126,112027,144.450000000,100
MMM,0,20160126,112047,144.420000000,100
MMM,0,20160126,112047,144.420000000,100
MMM,0,20160126,112108,144.400000000,100
MMM,0,20160126,112117,144.320000000,100
MMM,0,20160126,112118,144.310000000,100
MMM,0,20160126,112118,144.320000000,100
MMM,0,20160126,112118,144.320000000,100
MMM,0,20160126,112121,144.300000000,100
MMM,0,20160126,112122,144.280000000,100
MMM,0,20160126,112122,144.270000000,100
MMM,0,20160126,112136,144.270000000,100
MMM,0,20160126,112136,144.280000000,100
MMM,0,20160126,112148,144.300000000,100
MMM,0,20160126,112251,144.420000000,100
MMM,0,20160126,112319,144.410000000,100
MMM,0,20160126,112327,144.390000000,100
MMM,0,20160126,112327,144.390000000,100
MMM,0,20160126,112327,144.390000000,100
MMM,0,20160126,112327,144.390000000,100
MMM,0,20160126,112332,144.310000000,100
MMM,0,20160126,112345,144.335000000,100
MMM,0,20160126,112359,144.340000000,100
MMM,0,20160126,112407,144.290000000,100
MMM,0,20160126,112415,144.320000000,100
MMM,0,20160126,112415,144.320000000,100
MMM,0,20160126,112415,144.325000000,100
MMM,0,20160126,112415,144.325000000,100
MMM,0,20160126,112415,144.330000000,100
MMM,0,20160126,112426,144.310000000,100
MMM,0,20160126,112445,144.300000000,100
MMM,0,20160126,112446,144.300000000,100
MMM,0,20160126,112447,144.300000000,100
MMM,0,20160126,112447,144.300000000,100
MMM,0,20160126,112453,144.170000000,100
MMM,0,20160126,112453,144.190000000,100
MMM,0,20160126,112459,144.190000000,100
MMM,0,20160126,112510,144.170000000,100
MMM,0,20160126,112515,144.240000000,100
MMM,0,20160126,112527,144.220000000,100
MMM,0,20160126,112538,144.200000000,100
MMM,0,20160126,112549,144.120000000,100
MMM,0,20160126,112549,144.120000000,100
MMM,0,20160126,112610,144.130000000,100
MMM,0,20160126,112610,144.130000000,100
MMM,0,20160126,112621,144.070000000,100
MMM,0,20160126,112623,144.020000000,100
MMM,0,20160126,112623,144.040000000,100
MMM,0,20160126,112633,144.100000000,100
MMM,0,20160126,112650,144.120000000,100
MMM,0,20160126,112701,144.140000000,100
MMM,0,20160126,112729,144.150000000,100
MMM,0,20160126,112748,144.210000000,100
MMM,0,20160126,112808,144.260000000,100
MMM,0,20160126,112839,144.290000000,300
MMM,0,20160126,112842,144.260000000,100
MMM,0,20160126,112842,144.265000000,100
MMM,0,20160126,112851,144.260000000,100
MMM,0,20160126,112853,144.260000000,100
MMM,0,20160126,112853,144.265000000,100
MMM,0,20160126,112853,144.265000000,100
MMM,0,20160126,112853,144.265000000,100
MMM,0,20160126,112853,144.265000000,100
MMM,0,20160126,112853,144.265000000,100
MMM,0,20160126,112853,144.265000000,100
MMM,0,20160126,112854,144.270000000,100
MMM,0,20160126,112907,144.280000000,200
MMM,0,20160126,112930,144.250000000,100
MMM,0,20160126,112931,144.250000000,100
MMM,0,20160126,112946,144.230000000,100
MMM,0,20160126,112952,144.250000000,100
MMM,0,20160126,113008,144.250000000,100
MMM,0,20160126,113008,144.250000000,100
MMM,0,20160126,113013,144.220000000,100
MMM,0,20160126,113013,144.220000000,100
MMM,0,20160126,113014,144.180000000,100
MMM,0,20160126,113032,144.110000000,100
MMM,0,20160126,113033,144.120000000,100
MMM,0,20160126,113103,144.160000000,100
MMM,0,20160126,113103,144.150000000,100
MMM,0,20160126,113144,144.210000000,100
MMM,0,20160126,113144,144.220000000,100
MMM,0,20160126,113144,144.220000000,100
MMM,0,20160126,113144,144.220000000,100
MMM,0,20160126,113145,144.230000000,200
MMM,0,20160126,113202,144.220000000,100
MMM,0,20160126,113228,144.120000000,100
MMM,0,20160126,113231,144.130000000,100
MMM,0,20160126,113237,144.110000000,100
MMM,0,20160126,113237,144.090000000,100
MMM,0,20160126,113245,144.090000000,100
MMM,0,20160126,113245,144.090000000,100
MMM,0,20160126,113302,144.120000000,100
MMM,0,20160126,113322,144.120000000,100
MMM,0,20160126,113334,144.060000000,100
MMM,0,20160126,113336,144.080000000,100
MMM,0,20160126,113350,144.080000000,100
MMM,0,20160126,113356,144.110000000,100
MMM,0,20160126,113413,143.990000000,100
MMM,0,20160126,113413,143.980000000,100
MMM,0,20160126,113451,143.990000000,200
MMM,0,20160126,113451,143.990000000,100
MMM,0,20160126,113505,144.010000000,100
MMM,0,20160126,113505,144.000000000,100
MMM,0,20160126,113527,144.005000000,100
MMM,0,20160126,113527,144.005000000,100
MMM,0,20160126,113528,144.010000000,100
MMM,0,20160126,113629,144.070000000,100
MMM,0,20160126,113659,143.990000000,100
MMM,0,20160126,113659,143.990000000,100
MMM,0,20160126,113714,143.990000000,100
MMM,0,20160126,113721,144.000000000,100
MMM,0,20160126,113721,144.000000000,100
MMM,0,20160126,113721,144.000000000,100
MMM,0,20160126,113722,144.000000000,100
MMM,0,20160126,113731,144.010000000,100
MMM,0,20160126,113740,144.000000000,100
MMM,0,20160126,113747,143.960000000,100
MMM,0,20160126,113805,143.990000000,100
MMM,0,20160126,113813,143.950000000,100
MMM,0,20160126,113840,143.890000000,100
MMM,0,20160126,113904,143.840000000,100
MMM,0,20160126,113945,143.830000000,100
MMM,0,20160126,114003,143.820000000,100
MMM,0,20160126,114003,143.790000000,100
MMM,0,20160126,114013,143.740000000,100
MMM,0,20160126,114013,143.740000000,100
MMM,0,20160126,114013,143.740000000,100
MMM,0,20160126,114013,143.740000000,100
MMM,0,20160126,114024,143.710000000,100
MMM,0,20160126,114050,143.730000000,100
MMM,0,20160126,114052,143.720000000,100
MMM,0,20160126,114053,143.730000000,100
MMM,0,20160126,114100,143.690000000,100
MMM,0,20160126,114100,143.690000000,100
MMM,0,20160126,114114,143.700000000,100
MMM,0,20160126,114136,143.590000000,100
MMM,0,20160126,114141,143.650000000,100
MMM,0,20160126,114146,143.660000000,100
MMM,0,20160126,114231,143.610000000,100
MMM,0,20160126,114307,143.720000000,100
MMM,0,20160126,114334,143.710000000,100
MMM,0,20160126,114334,143.710000000,100
MMM,0,20160126,114353,143.750000000,100
MMM,0,20160126,114403,143.730000000,100
MMM,0,20160126,114455,143.685000000,100
MMM,0,20160126,114509,143.550000000,200
MMM,0,20160126,114509,143.570000000,100
MMM,0,20160126,114509,143.550000000,100
MMM,0,20160126,114513,143.570000000,100
MMM,0,20160126,114516,143.610000000,100
MMM,0,20160126,114516,143.620000000,100
MMM,0,20160126,114521,143.570000000,100
MMM,0,20160126,114632,143.620000000,100
MMM,0,20160126,114641,143.500000000,100
MMM,0,20160126,114703,143.550000000,200
MMM,0,20160126,114703,143.560000000,100
MMM,0,20160126,114859,143.750000000,100
MMM,0,20160126,115126,143.760000000,100
MMM,0,20160126,115236,143.880000000,100
MMM,0,20160126,115238,143.900000000,100
MMM,0,20160126,115252,143.870000000,100
MMM,0,20160126,115434,143.820000000,100
MMM,0,20160126,115526,143.750000000,100
MMM,0,20160126,115539,143.700000000,100
MMM,0,20160126,115553,143.690000000,100
MMM,0,20160126,115654,143.670000000,100
MMM,0,20160126,115750,143.700000000,100
MMM,0,20160126,115800,143.710000000,100
MMM,0,20160126,115800,143.710000000,100
MMM,0,20160126,120009,143.750000000,100
MMM,0,20160126,120012,143.750000000,100
MMM,0,20160126,120022,143.720000000,100
MMM,0,20160126,120115,143.630000000,100
MMM,0,20160126,120116,143.640000000,100
MMM,0,20160126,120224,143.670000000,100
MMM,0,20160126,120225,143.680000000,100
MMM,0,20160126,120337,143.750000000,100
MMM,0,20160126,120337,143.750000000,100
MMM,0,20160126,120337,143.750000000,100
MMM,0,20160126,120338,143.740000000,100
MMM,0,20160126,120400,143.720000000,100
MMM,0,20160126,120518,143.640000000,100
MMM,0,20160126,120522,143.650000000,100
MMM,0,20160126,120528,143.630000000,100
MMM,0,20160126,120551,143.670000000,100
MMM,0,20160126,120706,143.740000000,100
MMM,0,20160126,120802,143.740000000,100
MMM,0,20160126,120802,143.740000000,100
MMM,0,20160126,120816,143.640000000,100
MMM,0,20160126,120839,143.620000000,100
MMM,0,20160126,121005,143.590000000,100
MMM,0,20160126,121044,143.560000000,100
MMM,0,20160126,121049,143.500000000,100
MMM,0,20160126,121049,143.500000000,100
MMM,0,20160126,121052,143.470000000,100
MMM,0,20160126,121052,143.470000000,100
MMM,0,20160126,121102,143.370000000,100
MMM,0,20160126,121102,143.370000000,100
MMM,0,20160126,121105,143.390000000,100
MMM,0,20160126,121105,143.380000000,100
MMM,0,20160126,121125,143.340000000,100
MMM,0,20160126,121131,143.340000000,100
MMM,0,20160126,121149,143.370000000,100
MMM,0,20160126,121149,143.370000000,100
MMM,0,20160126,121149,143.370000000,100
MMM,0,20160126,121201,143.420000000,100
MMM,0,20160126,121307,143.500000000,300
MMM,0,20160126,121307,143.500000000,596
MMM,0,20160126,121307,143.510000000,100
MMM,0,20160126,121429,143.750000000,100
MMM,0,20160126,121533,143.790000000,100
MMM,0,20160126,121533,143.790000000,100
MMM,0,20160126,121607,143.790000000,100
MMM,0,20160126,121628,143.770000000,100
MMM,0,20160126,121628,143.760000000,100
MMM,0,20160126,121647,143.780000000,100
MMM,0,20160126,121704,143.670000000,100
MMM,0,20160126,121842,143.710000000,100
MMM,0,20160126,121916,143.740000000,100
MMM,0,20160126,121953,143.650000000,100
MMM,0,20160126,121954,143.620000000,100
MMM,0,20160126,122046,143.650000000,100
MMM,0,20160126,122128,143.650000000,100
MMM,0,20160126,122128,143.650000000,100
MMM,0,20160126,122154,143.680000000,100
MMM,0,20160126,122218,143.680000000,100
MMM,0,20160126,122245,143.640000000,100
MMM,0,20160126,122307,143.720000000,100
MMM,0,20160126,122338,143.770000000,100
MMM,0,20160126,122343,143.760000000,100
MMM,0,20160126,122353,143.760000000,100
MMM,0,20160126,122406,143.770000000,100
MMM,0,20160126,122409,143.770000000,100
MMM,0,20160126,122419,143.780000000,100
MMM,0,20160126,122425,143.770000000,100
MMM,0,20160126,122506,143.770000000,100
MMM,0,20160126,122542,143.740000000,100
MMM,0,20160126,122708,143.810000000,100
MMM,0,20160126,122708,143.810000000,100
MMM,0,20160126,122716,143.800000000,100
MMM,0,20160126,122750,143.760000000,100
MMM,0,20160126,122817,143.730000000,100
MMM,0,20160126,122817,143.730000000,100
MMM,0,20160126,122821,143.750000000,100
MMM,0,20160126,122837,143.800000000,100
MMM,0,20160126,122922,143.950000000,100
MMM,0,20160126,122927,143.930000000,100
MMM,0,20160126,122948,144.000000000,600
MMM,0,20160126,122948,144.000000000,260
MMM,0,20160126,122948,144.000000000,100
MMM,0,20160126,123006,143.910000000,100
MMM,0,20160126,123036,143.900000000,100
MMM,0,20160126,123043,143.950000000,100
MMM,0,20160126,123105,143.930000000,100
MMM,0,20160126,123135,143.930000000,100
MMM,0,20160126,123216,143.910000000,100
MMM,0,20160126,123223,143.890000000,100
MMM,0,20160126,123229,143.900000000,100
MMM,0,20160126,123249,143.870000000,100
MMM,0,20160126,123303,143.880000000,100
MMM,0,20160126,123431,143.900000000,100
MMM,0,20160126,123439,143.930000000,100
MMM,0,20160126,123525,143.900000000,100
MMM,0,20160126,123630,143.860000000,100
MMM,0,20160126,123752,143.840000000,100
MMM,0,20160126,123753,143.850000000,100
MMM,0,20160126,123814,143.880000000,100
MMM,0,20160126,123819,143.900000000,100
MMM,0,20160126,123819,143.920000000,100
MMM,0,20160126,123856,143.930000000,100
MMM,0,20160126,123856,143.920000000,100
MMM,0,20160126,124012,143.930000000,100
MMM,0,20160126,124016,143.940000000,100
MMM,0,20160126,124047,143.930000000,100
MMM,0,20160126,124057,143.880000000,100
MMM,0,20160126,124101,143.880000000,100
MMM,0,20160126,124132,143.830000000,100
MMM,0,20160126,124145,143.830000000,100
MMM,0,20160126,124148,143.850000000,200
MMM,0,20160126,124416,143.890000000,100
MMM,0,20160126,124459,143.920000000,100
MMM,0,20160126,124510,143.920000000,100
MMM,0,20160126,124527,143.950000000,100
MMM,0,20160126,124551,143.930000000,100
MMM,0,20160126,124603,143.970000000,100
MMM,0,20160126,124603,143.970000000,100
MMM,0,20160126,124611,143.910000000,100
MMM,0,20160126,124611,143.910000000,100
MMM,0,20160126,124615,143.900000000,100
MMM,0,20160126,124627,143.900000000,100
MMM,0,20160126,124640,143.930000000,100
MMM,0,20160126,124640,143.940000000,100
MMM,0,20160126,124640,143.930000000,100
MMM,0,20160126,124640,143.940000000,100
MMM,0,20160126,124800,143.800000000,100
MMM,0,20160126,124800,143.800000000,100
MMM,0,20160126,124809,143.790000000,120
MMM,0,20160126,124809,143.790000000,108
MMM,0,20160126,124841,143.810000000,100
MMM,0,20160126,124926,143.880000000,100
MMM,0,20160126,125008,143.880000000,100
MMM,0,20160126,125022,143.890000000,100
MMM,0,20160126,125029,143.870000000,100
MMM,0,20160126,125029,143.870000000,100
MMM,0,20160126,125054,143.830000000,100
MMM,0,20160126,125129,143.770000000,100
MMM,0,20160126,125246,143.760000000,100
MMM,0,20160126,125302,143.770000000,100
MMM,0,20160126,125315,143.780000000,300
MMM,0,20160126,125418,143.800000000,100
MMM,0,20160126,125418,143.800000000,100
MMM,0,20160126,125440,143.780000000,100
MMM,0,20160126,125512,143.790000000,200
MMM,0,20160126,125512,143.800000000,100
MMM,0,20160126,125527,143.750000000,100
MMM,0,20160126,125625,143.710000000,100
MMM,0,20160126,125704,143.730000000,100
MMM,0,20160126,125704,143.740000000,100
MMM,0,20160126,125719,143.760000000,100
MMM,0,20160126,125816,143.840000000,100
MMM,0,20160126,125856,143.820000000,100
MMM,0,20160126,125856,143.820000000,100
MMM,0,20160126,125856,143.810000000,100
MMM,0,20160126,125856,143.810000000,100
MMM,0,20160126,125856,143.810000000,100
MMM,0,20160126,125908,143.760000000,100
MMM,0,20160126,125958,143.720000000,100
MMM,0,20160126,130114,143.800000000,100
MMM,0,20160126,130141,143.840000000,100
MMM,0,20160126,130228,143.840000000,100
MMM,0,20160126,130332,143.820000000,100
MMM,0,20160126,130345,143.800000000,100
MMM,0,20160126,130345,143.800000000,100
MMM,0,20160126,130352,143.780000000,100
MMM,0,20160126,130404,143.750000000,100
MMM,0,20160126,130444,143.740000000,100
MMM,0,20160126,130444,143.740000000,100
MMM,0,20160126,130625,143.630000000,100
MMM,0,20160126,130625,143.630000000,100
MMM,0,20160126,130630,143.630000000,200
MMM,0,20160126,130630,143.640000000,100
MMM,0,20160126,130647,143.610000000,100
MMM,0,20160126,130705,143.590000000,100
MMM,0,20160126,130737,143.610000000,100
MMM,0,20160126,130737,143.610000000,100
MMM,0,20160126,130738,143.620000000,100
MMM,0,20160126,130738,143.620000000,100
MMM,0,20160126,130740,143.620000000,100
MMM,0,20160126,130813,143.630000000,100
MMM,0,20160126,130904,143.570000000,100
MMM,0,20160126,130945,143.430000000,100
MMM,0,20160126,130945,143.440000000,100
MMM,0,20160126,130945,143.440000000,100
MMM,0,20160126,130949,143.440000000,100
MMM,0,20160126,131025,143.390000000,200
MMM,0,20160126,131025,143.400000000,100
MMM,0,20160126,131025,143.400000000,100
MMM,0,20160126,131030,143.400000000,100
MMM,0,20160126,131030,143.400000000,100
MMM,0,20160126,131030,143.400000000,100
MMM,0,20160126,131030,143.400000000,100
MMM,0,20160126,131030,143.400000000,100
MMM,0,20160126,131030,143.400000000,100
MMM,0,20160126,131059,143.450000000,100
MMM,0,20160126,131131,143.440000000,100
MMM,0,20160126,131133,143.420000000,100
MMM,0,20160126,131151,143.440000000,100
MMM,0,20160126,131152,143.430000000,100
MMM,0,20160126,131206,143.440000000,100
MMM,0,20160126,131214,143.450000000,100
MMM,0,20160126,131302,143.470000000,100
MMM,0,20160126,131302,143.470000000,100
MMM,0,20160126,131353,143.430000000,100
MMM,0,20160126,131402,143.420000000,100
MMM,0,20160126,131507,143.370000000,100
MMM,0,20160126,131640,143.510000000,100
MMM,0,20160126,131640,143.530000000,100
MMM,0,20160126,131646,143.590000000,100
MMM,0,20160126,131710,143.660000000,100
MMM,0,20160126,131753,143.660000000,100
MMM,0,20160126,131813,143.720000000,100
MMM,0,20160126,131822,143.730000000,100
MMM,0,20160126,131900,143.820000000,100
MMM,0,20160126,131933,143.800000000,100
MMM,0,20160126,132109,143.810000000,100
MMM,0,20160126,132109,143.810000000,100
MMM,0,20160126,132109,143.810000000,100
MMM,0,20160126,132110,143.780000000,100
MMM,0,20160126,132110,143.770000000,100
MMM,0,20160126,132225,143.630000000,100
MMM,0,20160126,132233,143.620000000,100
MMM,0,20160126,132233,143.610000000,100
MMM,0,20160126,132353,143.530000000,100
MMM,0,20160126,132403,143.530000000,100
MMM,0,20160126,132403,143.530000000,100
MMM,0,20160126,132502,143.520000000,100
MMM,0,20160126,132502,143.510000000,100
MMM,0,20160126,132533,143.570000000,100
MMM,0,20160126,132619,143.570000000,100
MMM,0,20160126,132729,143.720000000,100
MMM,0,20160126,132930,143.700000000,100
MMM,0,20160126,133005,143.740000000,100
MMM,0,20160126,133040,143.620000000,100
MMM,0,20160126,133048,143.630000000,100
MMM,0,20160126,133059,143.610000000,100
MMM,0,20160126,133103,143.600000000,100
MMM,0,20160126,133111,143.610000000,100
MMM,0,20160126,133111,143.610000000,100
MMM,0,20160126,133123,143.580000000,100
MMM,0,20160126,133123,143.570000000,100
MMM,0,20160126,133124,143.580000000,100
MMM,0,20160126,133154,143.620000000,100
MMM,0,20160126,133234,143.630000000,100
MMM,0,20160126,133437,143.650000000,100
MMM,0,20160126,133512,143.670000000,100
MMM,0,20160126,133556,143.700000000,100
MMM,0,20160126,133659,143.660000000,100
MMM,0,20160126,133706,143.660000000,100
MMM,0,20160126,133756,143.690000000,100
MMM,0,20160126,133756,143.690000000,100
MMM,0,20160126,134052,143.520000000,100
MMM,0,20160126,134052,143.520000000,100
MMM,0,20160126,134052,143.520000000,100
MMM,0,20160126,134150,143.490000000,100
MMM,0,20160126,134528,143.480000000,100
MMM,0,20160126,134601,143.530000000,100
MMM,0,20160126,134601,143.540000000,100
MMM,0,20160126,134601,143.540000000,100
MMM,0,20160126,134645,143.650000000,100
MMM,0,20160126,134645,143.650000000,100
MMM,0,20160126,134840,143.870000000,100
MMM,0,20160126,134910,143.800000000,100
MMM,0,20160126,134945,143.910000000,100
MMM,0,20160126,135005,143.920000000,100
MMM,0,20160126,135015,144.000000000,100
MMM,0,20160126,135015,144.000000000,300
MMM,0,20160126,135025,144.030000000,100
MMM,0,20160126,135115,144.170000000,100
MMM,0,20160126,135115,144.160000000,100
MMM,0,20160126,135115,144.160000000,100
MMM,0,20160126,135137,144.150000000,100
MMM,0,20160126,135137,144.150000000,100
MMM,0,20160126,135137,144.120000000,100
MMM,0,20160126,135137,144.110000000,100
MMM,0,20160126,135252,144.060000000,100
MMM,0,20160126,135254,144.030000000,100
MMM,0,20160126,135308,144.080000000,100
MMM,0,20160126,135308,144.090000000,200
MMM,0,20160126,135308,144.100000000,100
MMM,0,20160126,135401,144.240000000,100
MMM,0,20160126,135410,144.280000000,100
MMM,0,20160126,135419,144.250000000,100
MMM,0,20160126,135419,144.270000000,100
MMM,0,20160126,135502,144.170000000,100
MMM,0,20160126,135530,144.150000000,100
MMM,0,20160126,135623,144.110000000,100
MMM,0,20160126,135623,144.110000000,100
MMM,0,20160126,135726,144.230000000,100
MMM,0,20160126,135726,144.230000000,100
MMM,0,20160126,135732,144.220000000,100
MMM,0,20160126,135750,144.140000000,100
MMM,0,20160126,135851,144.160000000,100
MMM,0,20160126,135911,144.140000000,100
MMM,0,20160126,135918,144.110000000,200
MMM,0,20160126,135946,144.130000000,100
MMM,0,20160126,135946,144.130000000,100
MMM,0,20160126,140014,144.050000000,100
MMM,0,20160126,140017,144.050000000,100
MMM,0,20160126,140042,143.930000000,100
MMM,0,20160126,140048,143.920000000,100
MMM,0,20160126,140052,143.960000000,100
MMM,0,20160126,140130,144.120000000,100
MMM,0,20160126,140130,144.100000000,100
MMM,0,20160126,140205,144.010000000,100
MMM,0,20160126,140208,144.000000000,100
MMM,0,20160126,140225,143.970000000,100
MMM,0,20160126,140225,143.970000000,100
MMM,0,20160126,140311,144.000000000,100
MMM,0,20160126,140357,144.020000000,100
MMM,0,20160126,140413,144.010000000,100
MMM,0,20160126,140413,143.990000000,100
MMM,0,20160126,140446,143.860000000,100
MMM,0,20160126,140448,143.890000000,100
MMM,0,20160126,140551,143.840000000,100
MMM,0,20160126,140630,143.860000000,100
MMM,0,20160126,140707,143.870000000,100
MMM,0,20160126,140730,143.920000000,100
MMM,0,20160126,140815,143.940000000,100
MMM,0,20160126,140840,143.930000000,100
MMM,0,20160126,140842,143.930000000,100
MMM,0,20160126,140849,143.930000000,100
MMM,0,20160126,140849,143.930000000,100
MMM,0,20160126,140859,143.910000000,100
MMM,0,20160126,140859,143.910000000,100
MMM,0,20160126,141027,143.880000000,100
MMM,0,20160126,141046,143.870000000,100
MMM,0,20160126,141101,143.940000000,100
MMM,0,20160126,141109,143.930000000,100
MMM,0,20160126,141217,144.020000000,100
MMM,0,20160126,141237,144.050000000,100
MMM,0,20160126,141251,144.060000000,100
MMM,0,20160126,141302,144.090000000,100
MMM,0,20160126,141349,144.070000000,100
MMM,0,20160126,141354,144.100000000,100
MMM,0,20160126,141406,144.100000000,100
MMM,0,20160126,141546,144.220000000,100
MMM,0,20160126,141547,144.230000000,100
MMM,0,20160126,141606,144.220000000,100
MMM,0,20160126,141606,144.210000000,100
MMM,0,20160126,141641,144.270000000,100
MMM,0,20160126,141642,144.280000000,117
MMM,0,20160126,141649,144.330000000,100
MMM,0,20160126,141707,144.300000000,100
MMM,0,20160126,141707,144.290000000,100
MMM,0,20160126,141729,144.240000000,100
MMM,0,20160126,141740,144.250000000,100
MMM,0,20160126,141740,144.250000000,100
MMM,0,20160126,141801,144.260000000,100
MMM,0,20160126,141817,144.270000000,100
MMM,0,20160126,141822,144.280000000,100
MMM,0,20160126,141848,144.310000000,100
MMM,0,20160126,142013,144.360000000,100
MMM,0,20160126,142013,144.380000000,100
MMM,0,20160126,142020,144.420000000,100
MMM,0,20160126,142020,144.425000000,100
MMM,0,20160126,142022,144.430000000,100
MMM,0,20160126,142023,144.440000000,200
MMM,0,20160126,142023,144.440000000,100
MMM,0,20160126,142042,144.400000000,100
MMM,0,20160126,142042,144.390000000,100
MMM,0,20160126,142042,144.390000000,100
MMM,0,20160126,142053,144.410000000,100
MMM,0,20160126,142053,144.410000000,100
MMM,0,20160126,142103,144.440000000,100
MMM,0,20160126,142103,144.450000000,100
MMM,0,20160126,142103,144.450000000,100
MMM,0,20160126,142120,144.470000000,100
MMM,0,20160126,142122,144.490000000,100
MMM,0,20160126,142122,144.490000000,100
MMM,0,20160126,142127,144.500000000,100
MMM,0,20160126,142138,144.530000000,100
MMM,0,20160126,142138,144.560000000,100
MMM,0,20160126,142139,144.560000000,100
MMM,0,20160126,142139,144.560000000,100
MMM,0,20160126,142139,144.550000000,100
MMM,0,20160126,142217,144.610000000,100
MMM,0,20160126,142218,144.640000000,100
MMM,0,20160126,142225,144.690000000,100
MMM,0,20160126,142229,144.740000000,100
MMM,0,20160126,142230,144.750000000,100
MMM,0,20160126,142250,144.900000000,100
MMM,0,20160126,142259,144.850000000,100
MMM,0,20160126,142302,144.850000000,100
MMM,0,20160126,142308,144.850000000,181
MMM,0,20160126,142308,144.850000000,119
MMM,0,20160126,142314,144.850000000,187
MMM,0,20160126,142317,144.810000000,100
MMM,0,20160126,142351,144.850000000,100
MMM,0,20160126,142410,144.880000000,100
MMM,0,20160126,142410,144.880000000,100
MMM,0,20160126,142410,144.870000000,100
MMM,0,20160126,142410,144.870000000,100
MMM,0,20160126,142446,144.880000000,100
MMM,0,20160126,142448,144.890000000,100
MMM,0,20160126,142448,144.895000000,100
MMM,0,20160126,142449,144.890000000,100
MMM,0,20160126,142452,144.930000000,100
MMM,0,20160126,142511,144.940000000,100
MMM,0,20160126,142511,144.940000000,100
MMM,0,20160126,142511,144.930000000,100
MMM,0,20160126,142513,144.930000000,100
MMM,0,20160126,142513,144.920000000,200
MMM,0,20160126,142513,144.920000000,100
MMM,0,20160126,142513,144.910000000,100
MMM,0,20160126,142518,144.910000000,100
MMM,0,20160126,142523,144.930000000,100
MMM,0,20160126,142525,144.930000000,100
MMM,0,20160126,142545,144.930000000,100
MMM,0,20160126,142545,144.930000000,100
MMM,0,20160126,142617,144.870000000,100
MMM,0,20160126,142617,144.840000000,100
MMM,0,20160126,142658,144.750000000,100
MMM,0,20160126,142705,144.810000000,100
MMM,0,20160126,142718,144.810000000,100
MMM,0,20160126,142722,144.830000000,100
MMM,0,20160126,142737,144.870000000,100
MMM,0,20160126,142737,144.890000000,100
MMM,0,20160126,142741,144.910000000,100
MMM,0,20160126,142742,144.910000000,100
MMM,0,20160126,142748,144.900000000,100
MMM,0,20160126,142748,144.890000000,100
MMM,0,20160126,142748,144.890000000,100
MMM,0,20160126,142750,144.900000000,100
MMM,0,20160126,142803,144.860000000,100
MMM,0,20160126,142817,144.800000000,200
MMM,0,20160126,142840,144.830000000,100
MMM,0,20160126,142859,144.780000000,100
MMM,0,20160126,142859,144.770000000,100
MMM,0,20160126,142859,144.770000000,100
MMM,0,20160126,142908,144.740000000,100
MMM,0,20160126,142915,144.720000000,100
MMM,0,20160126,142931,144.750000000,100
MMM,0,20160126,142931,144.750000000,100
MMM,0,20160126,142932,144.790000000,100
MMM,0,20160126,142932,144.790000000,368
MMM,0,20160126,143002,144.790000000,100
MMM,0,20160126,143004,144.780000000,100
MMM,0,20160126,143004,144.770000000,100
MMM,0,20160126,143013,144.760000000,100
MMM,0,20160126,143017,144.770000000,100
MMM,0,20160126,143017,144.770000000,100
MMM,0,20160126,143055,144.670000000,100
MMM,0,20160126,143055,144.650000000,100
MMM,0,20160126,143127,144.600000000,100
MMM,0,20160126,143127,144.600000000,100
MMM,0,20160126,143224,144.490000000,119
MMM,0,20160126,143300,144.640000000,100
MMM,0,20160126,143307,144.560000000,100
MMM,0,20160126,143324,144.520000000,100
MMM,0,20160126,143324,144.520000000,100
MMM,0,20160126,143340,144.520000000,100
MMM,0,20160126,143341,144.550000000,100
MMM,0,20160126,143341,144.560000000,100
MMM,0,20160126,143351,144.560000000,100
MMM,0,20160126,143351,144.560000000,100
MMM,0,20160126,143355,144.570000000,100
MMM,0,20160126,143422,144.560000000,100
MMM,0,20160126,143422,144.540000000,100
MMM,0,20160126,143422,144.540000000,100
MMM,0,20160126,143422,144.520000000,100
MMM,0,20160126,143502,144.420000000,100
MMM,0,20160126,143520,144.320000000,100
MMM,0,20160126,143531,144.350000000,100
MMM,0,20160126,143531,144.380000000,100
MMM,0,20160126,143531,144.360000000,100
MMM,0,20160126,143547,144.420000000,100
MMM,0,20160126,143547,144.430000000,100
MMM,0,20160126,143547,144.440000000,100
MMM,0,20160126,143557,144.480000000,100
MMM,0,20160126,143612,144.390000000,100
MMM,0,20160126,143612,144.390000000,100
MMM,0,20160126,143641,144.350000000,100
MMM,0,20160126,143718,144.370000000,100
MMM,0,20160126,143719,144.390000000,100
MMM,0,20160126,143719,144.400000000,100
MMM,0,20160126,143725,144.410000000,100
MMM,0,20160126,143812,144.385000000,100
MMM,0,20160126,143813,144.385000000,100
MMM,0,20160126,143813,144.385000000,100
MMM,0,20160126,143828,144.395000000,100
MMM,0,20160126,143828,144.400000000,100
MMM,0,20160126,143834,144.385000000,100
MMM,0,20160126,143834,144.400000000,100
MMM,0,20160126,143847,144.385000000,100
MMM,0,20160126,143851,144.370000000,100
MMM,0,20160126,143851,144.360000000,100
MMM,0,20160126,143851,144.360000000,100
MMM,0,20160126,143855,144.300000000,297
MMM,0,20160126,143855,144.300000000,300
MMM,0,20160126,143855,144.300000000,100
MMM,0,20160126,143855,144.300000000,100
MMM,0,20160126,143855,144.300000000,100
MMM,0,20160126,143855,144.300000000,100
MMM,0,20160126,143855,144.300000000,100
MMM,0,20160126,143855,144.310000000,100
MMM,0,20160126,144012,144.490000000,100
MMM,0,20160126,144016,144.480000000,100
MMM,0,20160126,144022,144.450000000,100
MMM,0,20160126,144024,144.430000000,100
MMM,0,20160126,144024,144.390000000,100
MMM,0,20160126,144047,144.450000000,100
MMM,0,20160126,144058,144.490000000,100
MMM,0,20160126,144058,144.500000000,100
MMM,0,20160126,144059,144.540000000,100
MMM,0,20160126,144120,144.540000000,100
MMM,0,20160126,144132,144.540000000,100
MMM,0,20160126,144132,144.540000000,100
MMM,0,20160126,144149,144.560000000,100
MMM,0,20160126,144153,144.550000000,100
MMM,0,20160126,144156,144.540000000,100
MMM,0,20160126,144203,144.550000000,100
MMM,0,20160126,144234,144.600000000,100
MMM,0,20160126,144240,144.620000000,100
MMM,0,20160126,144249,144.630000000,100
MMM,0,20160126,144302,144.650000000,100
MMM,0,20160126,144302,144.650000000,100
MMM,0,20160126,144302,144.680000000,100
MMM,0,20160126,144302,144.670000000,100
MMM,0,20160126,144302,144.710000000,100
MMM,0,20160126,144302,144.710000000,100
MMM,0,20160126,144302,144.710000000,100
MMM,0,20160126,144304,144.710000000,100
MMM,0,20160126,144304,144.720000000,100
MMM,0,20160126,144306,144.760000000,100
MMM,0,20160126,144321,144.780000000,500
MMM,0,20160126,144321,144.780000000,100
MMM,0,20160126,144326,144.800000000,100
MMM,0,20160126,144326,144.810000000,100
MMM,0,20160126,144349,144.960000000,100
MMM,0,20160126,144412,144.910000000,100
MMM,0,20160126,144435,144.900000000,100
MMM,0,20160126,144451,144.900000000,100
MMM,0,20160126,144451,144.880000000,100
MMM,0,20160126,144451,144.880000000,100
MMM,0,20160126,144532,144.800000000,100
MMM,0,20160126,144536,144.810000000,100
MMM,0,20160126,144539,144.790000000,100
MMM,0,20160126,144544,144.750000000,100
MMM,0,20160126,144545,144.740000000,100
MMM,0,20160126,144616,144.680000000,100
MMM,0,20160126,144620,144.680000000,104
MMM,0,20160126,144624,144.690000000,100
MMM,0,20160126,144624,144.740000000,100
MMM,0,20160126,144625,144.780000000,100
MMM,0,20160126,144705,144.700000000,100
MMM,0,20160126,144707,144.720000000,100
MMM,0,20160126,144718,144.760000000,100
MMM,0,20160126,144724,144.780000000,112
MMM,0,20160126,144748,144.700000000,100
MMM,0,20160126,144748,144.700000000,100
MMM,0,20160126,144748,144.690000000,100
MMM,0,20160126,144839,144.580000000,100
MMM,0,20160126,144843,144.650000000,100
MMM,0,20160126,144843,144.650000000,100
MMM,0,20160126,144903,144.670000000,100
MMM,0,20160126,144916,144.640000000,100
MMM,0,20160126,144916,144.630000000,100
MMM,0,20160126,144925,144.570000000,100
MMM,0,20160126,144926,144.560000000,100
MMM,0,20160126,144932,144.540000000,100
MMM,0,20160126,144958,144.620000000,100
MMM,0,20160126,145007,144.600000000,100
MMM,0,20160126,145010,144.590000000,100
MMM,0,20160126,145012,144.580000000,100
MMM,0,20160126,145012,144.590000000,100
MMM,0,20160126,145032,144.630000000,100
MMM,0,20160126,145032,144.630000000,100
MMM,0,20160126,145036,144.650000000,100
MMM,0,20160126,145048,144.690000000,100
MMM,0,20160126,145136,144.820000000,100
MMM,0,20160126,145150,144.820000000,100
MMM,0,20160126,145150,144.820000000,100
MMM,0,20160126,145150,144.810000000,100
MMM,0,20160126,145150,144.810000000,498
MMM,0,20160126,145159,144.820000000,100
MMM,0,20160126,145201,144.810000000,100
MMM,0,20160126,145201,144.820000000,100
MMM,0,20160126,145215,144.830000000,100
MMM,0,20160126,145229,144.880000000,200
MMM,0,20160126,145340,144.910000000,100
MMM,0,20160126,145347,144.890000000,100
MMM,0,20160126,145352,144.930000000,100
MMM,0,20160126,145352,144.940000000,100
MMM,0,20160126,145405,144.930000000,100
MMM,0,20160126,145406,144.930000000,100
MMM,0,20160126,145406,144.930000000,100
MMM,0,20160126,145433,144.970000000,100
MMM,0,20160126,145439,144.950000000,100
MMM,0,20160126,145443,144.960000000,100
MMM,0,20160126,145457,145.000000000,656
MMM,0,20160126,145457,145.000000000,333
MMM,0,20160126,145457,145.000000000,129
MMM,0,20160126,145457,145.000000000,120
MMM,0,20160126,145457,145.000000000,300
MMM,0,20160126,145457,145.000000000,279
MMM,0,20160126,145457,145.000000000,100
MMM,0,20160126,145457,145.000000000,200
MMM,0,20160126,145457,145.000000000,101
MMM,0,20160126,145459,145.020000000,100
MMM,0,20160126,145459,145.010000000,100
MMM,0,20160126,145459,144.990000000,100
MMM,0,20160126,145528,144.910000000,100
MMM,0,20160126,145528,144.910000000,100
MMM,0,20160126,145528,144.910000000,100
MMM,0,20160126,145607,144.920000000,100
MMM,0,20160126,145631,144.900000000,100
MMM,0,20160126,145633,144.880000000,100
MMM,0,20160126,145642,144.870000000,100
MMM,0,20160126,145642,144.860000000,100
MMM,0,20160126,145708,144.830000000,100
MMM,0,20160126,145708,144.830000000,100
MMM,0,20160126,145716,144.850000000,100
MMM,0,20160126,145725,144.840000000,100
MMM,0,20160126,145726,144.830000000,100
MMM,0,20160126,145820,144.810000000,100
MMM,0,20160126,145835,144.820000000,100
MMM,0,20160126,145849,144.780000000,100
MMM,0,20160126,145850,144.800000000,100
MMM,0,20160126,145850,144.800000000,100
MMM,0,20160126,145913,144.810000000,100
MMM,0,20160126,145913,144.810000000,100
MMM,0,20160126,145923,144.820000000,100
MMM,0,20160126,145936,144.840000000,100
MMM,0,20160126,145936,144.840000000,100
MMM,0,20160126,145936,144.840000000,100
MMM,0,20160126,145944,144.870000000,100
MMM,0,20160126,145959,144.840000000,100
MMM,0,20160126,150001,144.820000000,100
MMM,0,20160126,150001,144.825000000,200
MMM,0,20160126,150001,144.810000000,100
MMM,0,20160126,150001,144.810000000,100
MMM,0,20160126,150001,144.830000000,100
MMM,0,20160126,150001,144.830000000,100
MMM,0,20160126,150022,144.890000000,100
MMM,0,20160126,150031,144.910000000,100
MMM,0,20160126,150053,144.950000000,100
MMM,0,20160126,150053,144.940000000,100
MMM,0,20160126,150053,144.940000000,100
MMM,0,20160126,150053,144.940000000,100
MMM,0,20160126,150053,144.930000000,100
MMM,0,20160126,150053,144.930000000,100
MMM,0,20160126,150110,144.930000000,100
MMM,0,20160126,150110,144.935000000,200
MMM,0,20160126,150113,144.930000000,100
MMM,0,20160126,150113,144.930000000,100
MMM,0,20160126,150114,144.920000000,100
MMM,0,20160126,150125,144.940000000,100
MMM,0,20160126,150134,144.890000000,100
MMM,0,20160126,150149,144.900000000,100
MMM,0,20160126,150154,144.860000000,100
MMM,0,20160126,150214,144.900000000,100
MMM,0,20160126,150214,144.900000000,100
MMM,0,20160126,150220,144.880000000,100
MMM,0,20160126,150223,144.870000000,100
MMM,0,20160126,150223,144.870000000,100
MMM,0,20160126,150224,144.870000000,100
MMM,0,20160126,150224,144.870000000,300
MMM,0,20160126,150225,144.870000000,100
MMM,0,20160126,150236,144.860000000,100
MMM,0,20160126,150236,144.860000000,100
MMM,0,20160126,150241,144.830000000,100
MMM,0,20160126,150241,144.820000000,100
MMM,0,20160126,150248,144.820000000,100
MMM,0,20160126,150258,144.810000000,100
MMM,0,20160126,150258,144.800000000,100
MMM,0,20160126,150300,144.800000000,100
MMM,0,20160126,150307,144.820000000,100
MMM,0,20160126,150315,144.840000000,100
MMM,0,20160126,150320,144.850000000,100
MMM,0,20160126,150340,144.830000000,100
MMM,0,20160126,150351,144.830000000,100
MMM,0,20160126,150404,144.880000000,100
MMM,0,20160126,150404,144.880000000,200
MMM,0,20160126,150404,144.880000000,100
MMM,0,20160126,150423,144.830000000,100
MMM,0,20160126,150435,144.770000000,100
MMM,0,20160126,150436,144.770000000,100
MMM,0,20160126,150436,144.770000000,100
MMM,0,20160126,150436,144.770000000,100
MMM,0,20160126,150458,144.670000000,100
MMM,0,20160126,150507,144.640000000,100
MMM,0,20160126,150510,144.600000000,100
MMM,0,20160126,150513,144.620000000,100
MMM,0,20160126,150513,144.630000000,100
MMM,0,20160126,150516,144.630000000,100
MMM,0,20160126,150522,144.610000000,100
MMM,0,20160126,150527,144.640000000,100
MMM,0,20160126,150527,144.640000000,100
MMM,0,20160126,150531,144.600000000,100
MMM,0,20160126,150536,144.630000000,100
MMM,0,20160126,150549,144.570000000,100
MMM,0,20160126,150552,144.550000000,200
MMM,0,20160126,150601,144.550000000,100
MMM,0,20160126,150613,144.560000000,100
MMM,0,20160126,150633,144.580000000,100
MMM,0,20160126,150650,144.560000000,100
MMM,0,20160126,150650,144.560000000,100
MMM,0,20160126,150650,144.560000000,100
MMM,0,20160126,150651,144.560000000,100
MMM,0,20160126,150651,144.560000000,100
MMM,0,20160126,150651,144.560000000,100
MMM,0,20160126,150700,144.540000000,100
MMM,0,20160126,150700,144.510000000,100
MMM,0,20160126,150701,144.480000000,100
MMM,0,20160126,150726,144.490000000,100
MMM,0,20160126,150731,144.550000000,100
MMM,0,20160126,150811,144.610000000,100
MMM,0,20160126,150816,144.610000000,100
MMM,0,20160126,150827,144.610000000,100
MMM,0,20160126,150827,144.620000000,100
MMM,0,20160126,150924,144.670000000,100
MMM,0,20160126,150927,144.630000000,100
MMM,0,20160126,150927,144.630000000,100
MMM,0,20160126,150941,144.580000000,100
MMM,0,20160126,150956,144.540000000,100
MMM,0,20160126,151027,144.490000000,100
MMM,0,20160126,151029,144.470000000,100
MMM,0,20160126,151029,144.470000000,100
MMM,0,20160126,151029,144.470000000,100
MMM,0,20160126,151053,144.370000000,100
MMM,0,20160126,151053,144.370000000,100
MMM,0,20160126,151104,144.380000000,100
MMM,0,20160126,151104,144.380000000,100
MMM,0,20160126,151104,144.390000000,100
MMM,0,20160126,151107,144.470000000,100
MMM,0,20160126,151118,144.480000000,100
MMM,0,20160126,151143,144.550000000,100
MMM,0,20160126,151143,144.550000000,100
MMM,0,20160126,151150,144.580000000,100
MMM,0,20160126,151159,144.560000000,100
MMM,0,20160126,151202,144.560000000,156
MMM,0,20160126,151202,144.560000000,344
MMM,0,20160126,151205,144.590000000,100
MMM,0,20160126,151205,144.590000000,100
MMM,0,20160126,151205,144.600000000,200
MMM,0,20160126,151219,144.580000000,100
MMM,0,20160126,151225,144.600000000,100
MMM,0,20160126,151232,144.590000000,186
MMM,0,20160126,151242,144.570000000,100
MMM,0,20160126,151242,144.550000000,100
MMM,0,20160126,151242,144.550000000,100
MMM,0,20160126,151242,144.550000000,100
MMM,0,20160126,151259,144.480000000,100
MMM,0,20160126,151307,144.480000000,100
MMM,0,20160126,151307,144.510000000,100
MMM,0,20160126,151345,144.550000000,100
MMM,0,20160126,151345,144.560000000,100
MMM,0,20160126,151345,144.580000000,100
MMM,0,20160126,151346,144.590000000,100
MMM,0,20160126,151346,144.590000000,100
MMM,0,20160126,151350,144.620000000,100
MMM,0,20160126,151350,144.620000000,100
MMM,0,20160126,151350,144.620000000,100
MMM,0,20160126,151405,144.620000000,100
MMM,0,20160126,151440,144.620000000,100
MMM,0,20160126,151440,144.630000000,106
MMM,0,20160126,151448,144.660000000,100
MMM,0,20160126,151457,144.660000000,100
MMM,0,20160126,151457,144.660000000,100
MMM,0,20160126,151457,144.680000000,166
MMM,0,20160126,151505,144.670000000,100
MMM,0,20160126,151524,144.660000000,100
MMM,0,20160126,151524,144.670000000,200
MMM,0,20160126,151532,144.690000000,100
MMM,0,20160126,151532,144.690000000,100
MMM,0,20160126,151535,144.710000000,100
MMM,0,20160126,151556,144.730000000,100
MMM,0,20160126,151556,144.730000000,200
MMM,0,20160126,151556,144.730000000,100
MMM,0,20160126,151556,144.730000000,100
MMM,0,20160126,151556,144.730000000,100
MMM,0,20160126,151608,144.730000000,100
MMM,0,20160126,151608,144.730000000,100
MMM,0,20160126,151612,144.710000000,100
MMM,0,20160126,151616,144.690000000,100
MMM,0,20160126,151616,144.690000000,100
MMM,0,20160126,151618,144.680000000,100
MMM,0,20160126,151638,144.710000000,100
MMM,0,20160126,151656,144.700000000,100
MMM,0,20160126,151656,144.700000000,100
MMM,0,20160126,151656,144.710000000,100
MMM,0,20160126,151756,144.750000000,200
MMM,0,20160126,151756,144.750000000,100
MMM,0,20160126,151807,144.730000000,100
MMM,0,20160126,151807,144.730000000,100
MMM,0,20160126,151852,144.680000000,100
MMM,0,20160126,151857,144.680000000,100
MMM,0,20160126,151857,144.680000000,100
MMM,0,20160126,151857,144.680000000,100
MMM,0,20160126,151857,144.690000000,100
MMM,0,20160126,151857,144.690000000,200
MMM,0,20160126,151857,144.690000000,100
MMM,0,20160126,151914,144.640000000,100
MMM,0,20160126,151922,144.620000000,100
MMM,0,20160126,151924,144.640000000,100
MMM,0,20160126,151929,144.660000000,100
MMM,0,20160126,151936,144.610000000,100
MMM,0,20160126,151937,144.590000000,100
MMM,0,20160126,152005,144.460000000,100
MMM,0,20160126,152005,144.460000000,100
MMM,0,20160126,152005,144.470000000,100
MMM,0,20160126,152005,144.460000000,100
MMM,0,20160126,152010,144.460000000,100
MMM,0,20160126,152010,144.460000000,100
MMM,0,20160126,152010,144.460000000,100
MMM,0,20160126,152017,144.470000000,100
MMM,0,20160126,152041,144.490000000,100
MMM,0,20160126,152041,144.490000000,100
MMM,0,20160126,152045,144.480000000,100
MMM,0,20160126,152053,144.450000000,100
MMM,0,20160126,152110,144.430000000,100
MMM,0,20160126,152110,144.430000000,300
MMM,0,20160126,152129,144.500000000,100
MMM,0,20160126,152129,144.500000000,100
MMM,0,20160126,152129,144.500000000,100
MMM,0,20160126,152150,144.510000000,196
MMM,0,20160126,152150,144.510000000,100
MMM,0,20160126,152153,144.520000000,100
MMM,0,20160126,152218,144.580000000,300
MMM,0,20160126,152224,144.610000000,100
MMM,0,20160126,152224,144.600000000,100
MMM,0,20160126,152225,144.570000000,100
MMM,0,20160126,152228,144.570000000,100
MMM,0,20160126,152228,144.560000000,100
MMM,0,20160126,152248,144.540000000,100
MMM,0,20160126,152249,144.530000000,100
MMM,0,20160126,152254,144.500000000,100
MMM,0,20160126,152300,144.450000000,100
MMM,0,20160126,152307,144.450000000,100
MMM,0,20160126,152309,144.470000000,100
MMM,0,20160126,152312,144.480000000,100
MMM,0,20160126,152312,144.490000000,100
MMM,0,20160126,152318,144.490000000,100
MMM,0,20160126,152324,144.480000000,100
MMM,0,20160126,152325,144.480000000,300
MMM,0,20160126,152401,144.540000000,100
MMM,0,20160126,152436,144.570000000,100
MMM,0,20160126,152436,144.550000000,100
MMM,0,20160126,152439,144.540000000,100
MMM,0,20160126,152439,144.530000000,100
MMM,0,20160126,152440,144.520000000,100
MMM,0,20160126,152440,144.520000000,100
MMM,0,20160126,152458,144.490000000,100
MMM,0,20160126,152504,144.500000000,200
MMM,0,20160126,152508,144.540000000,100
MMM,0,20160126,152525,144.480000000,100
MMM,0,20160126,152525,144.480000000,100
MMM,0,20160126,152527,144.480000000,100
MMM,0,20160126,152558,144.500000000,100
MMM,0,20160126,152625,144.500000000,100
MMM,0,20160126,152625,144.490000000,100
MMM,0,20160126,152636,144.470000000,100
MMM,0,20160126,152642,144.450000000,100
MMM,0,20160126,152642,144.450000000,100
MMM,0,20160126,152700,144.350000000,100
MMM,0,20160126,152700,144.350000000,100
MMM,0,20160126,152705,144.400000000,100
MMM,0,20160126,152707,144.400000000,100
MMM,0,20160126,152707,144.410000000,100
MMM,0,20160126,152727,144.460000000,100
MMM,0,20160126,152744,144.510000000,100
MMM,0,20160126,152744,144.520000000,100
MMM,0,20160126,152806,144.540000000,100
MMM,0,20160126,152806,144.530000000,100
MMM,0,20160126,152813,144.520000000,100
MMM,0,20160126,152813,144.520000000,100
MMM,0,20160126,152828,144.510000000,100
MMM,0,20160126,152839,144.530000000,100
MMM,0,20160126,152845,144.480000000,200
MMM,0,20160126,152859,144.480000000,100
MMM,0,20160126,152902,144.510000000,100
MMM,0,20160126,153001,144.520000000,100
MMM,0,20160126,153001,144.520000000,100
MMM,0,20160126,153008,144.520000000,100
MMM,0,20160126,153008,144.500000000,100
MMM,0,20160126,153008,144.490000000,100
MMM,0,20160126,153008,144.490000000,100
MMM,0,20160126,153033,144.540000000,100
MMM,0,20160126,153033,144.540000000,100
MMM,0,20160126,153051,144.500000000,100
MMM,0,20160126,153051,144.490000000,100
MMM,0,20160126,153141,144.470000000,100
MMM,0,20160126,153155,144.440000000,100
MMM,0,20160126,153232,144.350000000,200
MMM,0,20160126,153238,144.330000000,100
MMM,0,20160126,153240,144.300000000,100
MMM,0,20160126,153305,144.350000000,100
MMM,0,20160126,153305,144.350000000,100
MMM,0,20160126,153316,144.340000000,100
MMM,0,20160126,153334,144.340000000,100
MMM,0,20160126,153334,144.340000000,100
MMM,0,20160126,153334,144.350000000,100
MMM,0,20160126,153402,144.330000000,100
MMM,0,20160126,153403,144.340000000,100
MMM,0,20160126,153413,144.380000000,100
MMM,0,20160126,153423,144.380000000,100
MMM,0,20160126,153426,144.390000000,100
MMM,0,20160126,153439,144.380000000,100
MMM,0,20160126,153439,144.350000000,200
MMM,0,20160126,153449,144.350000000,100
MMM,0,20160126,153449,144.360000000,100
MMM,0,20160126,153455,144.330000000,100
MMM,0,20160126,153455,144.330000000,100
MMM,0,20160126,153519,144.310000000,100
MMM,0,20160126,153523,144.300000000,100
MMM,0,20160126,153523,144.300000000,100
MMM,0,20160126,153523,144.300000000,200
MMM,0,20160126,153523,144.300000000,100
MMM,0,20160126,153523,144.300000000,100
MMM,0,20160126,153523,144.300000000,100
MMM,0,20160126,153523,144.300000000,100
MMM,0,20160126,153523,144.300000000,200
MMM,0,20160126,153523,144.300000000,100
MMM,0,20160126,153523,144.300000000,100
MMM,0,20160126,153523,144.300000000,100
MMM,0,20160126,153523,144.300000000,194
MMM,0,20160126,153523,144.300000000,100
MMM,0,20160126,153523,144.300000000,100
MMM,0,20160126,153523,144.300000000,100
MMM,0,20160126,153523,144.300000000,100
MMM,0,20160126,153523,144.300000000,200
MMM,0,20160126,153523,144.300000000,300
MMM,0,20160126,153523,144.300000000,100
MMM,0,20160126,153523,144.300000000,200
MMM,0,20160126,153523,144.300000000,100
MMM,0,20160126,153524,144.300000000,100
MMM,0,20160126,153524,144.300000000,200
MMM,0,20160126,153524,144.300000000,300
MMM,0,20160126,153530,144.300000000,300
MMM,0,20160126,153530,144.300000000,124
MMM,0,20160126,153539,144.300000000,166
MMM,0,20160126,153543,144.300000000,300
MMM,0,20160126,153543,144.300000000,100
MMM,0,20160126,153543,144.300000000,101
MMM,0,20160126,153543,144.300000000,300
MMM,0,20160126,153543,144.300000000,300
MMM,0,20160126,153545,144.300000000,200
MMM,0,20160126,153545,144.300000000,100
MMM,0,20160126,153546,144.300000000,300
MMM,0,20160126,153547,144.300000000,100
MMM,0,20160126,153547,144.300000000,135
MMM,0,20160126,153554,144.330000000,100
MMM,0,20160126,153554,144.350000000,100
MMM,0,20160126,153554,144.350000000,100
MMM,0,20160126,153615,144.360000000,100
MMM,0,20160126,153631,144.330000000,100
MMM,0,20160126,153631,144.330000000,100
MMM,0,20160126,153631,144.330000000,100
MMM,0,20160126,153637,144.320000000,100
MMM,0,20160126,153656,144.340000000,100
MMM,0,20160126,153656,144.350000000,100
MMM,0,20160126,153705,144.370000000,100
MMM,0,20160126,153715,144.400000000,100
MMM,0,20160126,153801,144.520000000,100
MMM,0,20160126,153801,144.510000000,100
MMM,0,20160126,153801,144.510000000,100
MMM,0,20160126,153801,144.500000000,100
MMM,0,20160126,153806,144.500000000,100
MMM,0,20160126,153903,144.560000000,100
MMM,0,20160126,153955,144.680000000,100
MMM,0,20160126,154035,144.800000000,100
MMM,0,20160126,154039,144.810000000,100
MMM,0,20160126,154040,144.810000000,100
MMM,0,20160126,154040,144.810000000,100
MMM,0,20160126,154046,144.810000000,100
MMM,0,20160126,154122,144.840000000,100
MMM,0,20160126,154137,144.900000000,100
MMM,0,20160126,154138,144.920000000,100
MMM,0,20160126,154139,144.910000000,100
MMM,0,20160126,154146,144.910000000,100
MMM,0,20160126,154216,144.920000000,100
MMM,0,20160126,154230,144.930000000,100
MMM,0,20160126,154230,144.930000000,100
MMM,0,20160126,154243,144.940000000,100
MMM,0,20160126,154245,144.950000000,100
MMM,0,20160126,154253,144.960000000,100
MMM,0,20160126,154308,144.960000000,100
MMM,0,20160126,154308,144.960000000,100
MMM,0,20160126,154308,144.950000000,100
MMM,0,20160126,154308,144.950000000,100
MMM,0,20160126,154308,144.960000000,100
MMM,0,20160126,154308,144.940000000,100
MMM,0,20160126,154308,144.940000000,100
MMM,0,20160126,154309,144.950000000,100
MMM,0,20160126,154309,144.950000000,100
MMM,0,20160126,154311,144.970000000,100
MMM,0,20160126,154313,144.950000000,100
MMM,0,20160126,154313,144.950000000,100
MMM,0,20160126,154329,144.950000000,100
MMM,0,20160126,154329,144.940000000,100
MMM,0,20160126,154331,144.920000000,100
MMM,0,20160126,154331,144.920000000,100
MMM,0,20160126,154331,144.910000000,100
MMM,0,20160126,154409,144.940000000,100
MMM,0,20160126,154412,144.950000000,100
MMM,0,20160126,154412,144.950000000,100
MMM,0,20160126,154412,144.930000000,100
MMM,0,20160126,154435,144.980000000,100
MMM,0,20160126,154500,144.960000000,100
MMM,0,20160126,154500,144.960000000,100
MMM,0,20160126,154500,144.950000000,100
MMM,0,20160126,154500,144.950000000,100
MMM,0,20160126,154500,144.930000000,100
MMM,0,20160126,154500,144.930000000,100
MMM,0,20160126,154500,144.930000000,100
MMM,0,20160126,154545,144.890000000,100
MMM,0,20160126,154552,144.890000000,100
MMM,0,20160126,154554,144.900000000,100
MMM,0,20160126,154555,144.910000000,100
MMM,0,20160126,154600,144.900000000,100
MMM,0,20160126,154615,144.900000000,100
MMM,0,20160126,154619,144.920000000,100
MMM,0,20160126,154634,144.890000000,100
MMM,0,20160126,154634,144.880000000,100
MMM,0,20160126,154638,144.860000000,100
MMM,0,20160126,154638,144.840000000,100
MMM,0,20160126,154702,144.850000000,100
MMM,0,20160126,154712,144.860000000,100
MMM,0,20160126,154724,144.850000000,100
MMM,0,20160126,154727,144.840000000,100
MMM,0,20160126,154727,144.830000000,100
MMM,0,20160126,154727,144.830000000,100
MMM,0,20160126,154736,144.820000000,100
MMM,0,20160126,154737,144.800000000,100
MMM,0,20160126,154738,144.800000000,100
MMM,0,20160126,154742,144.800000000,100
MMM,0,20160126,154745,144.790000000,100
MMM,0,20160126,154745,144.790000000,100
MMM,0,20160126,154745,144.790000000,100
MMM,0,20160126,154745,144.790000000,100
MMM,0,20160126,154801,144.760000000,100
MMM,0,20160126,154801,144.760000000,100
MMM,0,20160126,154801,144.760000000,100
MMM,0,20160126,154801,144.760000000,100
MMM,0,20160126,154801,144.760000000,100
MMM,0,20160126,154801,144.760000000,100
MMM,0,20160126,154802,144.760000000,100
MMM,0,20160126,154802,144.760000000,100
MMM,0,20160126,154802,144.760000000,100
MMM,0,20160126,154802,144.760000000,100
MMM,0,20160126,154802,144.760000000,100
MMM,0,20160126,154802,144.760000000,100
MMM,0,20160126,154802,144.760000000,100
MMM,0,20160126,154802,144.760000000,100
MMM,0,20160126,154802,144.760000000,100
MMM,0,20160126,154807,144.750000000,100
MMM,0,20160126,154807,144.750000000,100
MMM,0,20160126,154808,144.740000000,100
MMM,0,20160126,154817,144.750000000,100
MMM,0,20160126,154818,144.770000000,100
MMM,0,20160126,154833,144.770000000,100
MMM,0,20160126,154839,144.770000000,155
MMM,0,20160126,154844,144.750000000,100
MMM,0,20160126,154847,144.760000000,100
MMM,0,20160126,154848,144.770000000,100
MMM,0,20160126,154903,144.740000000,200
MMM,0,20160126,154903,144.740000000,100
MMM,0,20160126,154917,144.730000000,100
MMM,0,20160126,154917,144.730000000,100
MMM,0,20160126,154917,144.730000000,100
MMM,0,20160126,154917,144.730000000,100
MMM,0,20160126,154939,144.710000000,100
MMM,0,20160126,154939,144.710000000,100
MMM,0,20160126,154950,144.720000000,100
MMM,0,20160126,154951,144.740000000,100
MMM,0,20160126,154956,144.750000000,100
MMM,0,20160126,155000,144.740000000,100
MMM,0,20160126,155001,144.710000000,100
MMM,0,20160126,155013,144.700000000,100
MMM,0,20160126,155014,144.690000000,100
MMM,0,20160126,155019,144.680000000,100
MMM,0,20160126,155019,144.680000000,100
MMM,0,20160126,155020,144.670000000,100
MMM,0,20160126,155045,144.620000000,100
MMM,0,20160126,155051,144.630000000,100
MMM,0,20160126,155124,144.640000000,100
MMM,0,20160126,155128,144.620000000,100
MMM,0,20160126,155138,144.600000000,100
MMM,0,20160126,155138,144.600000000,100
MMM,0,20160126,155142,144.590000000,100
MMM,0,20160126,155142,144.590000000,100
MMM,0,20160126,155155,144.600000000,100
MMM,0,20160126,155258,144.680000000,100
MMM,0,20160126,155303,144.670000000,100
MMM,0,20160126,155306,144.670000000,178
MMM,0,20160126,155307,144.660000000,100
MMM,0,20160126,155308,144.670000000,100
MMM,0,20160126,155308,144.670000000,100
MMM,0,20160126,155330,144.640000000,100
MMM,0,20160126,155330,144.640000000,100
MMM,0,20160126,155345,144.630000000,100
MMM,0,20160126,155345,144.630000000,100
MMM,0,20160126,155406,144.630000000,100
MMM,0,20160126,155408,144.620000000,100
MMM,0,20160126,155408,144.620000000,100
MMM,0,20160126,155420,144.600000000,100
MMM,0,20160126,155450,144.590000000,200
MMM,0,20160126,155454,144.580000000,100
MMM,0,20160126,155454,144.580000000,100
MMM,0,20160126,155459,144.580000000,100
MMM,0,20160126,155500,144.580000000,100
MMM,0,20160126,155500,144.580000000,100
MMM,0,20160126,155504,144.540000000,100
MMM,0,20160126,155504,144.540000000,100
MMM,0,20160126,155505,144.520000000,100
MMM,0,20160126,155505,144.520000000,100
MMM,0,20160126,155523,144.465000000,100
MMM,0,20160126,155523,144.470000000,100
MMM,0,20160126,155523,144.470000000,100
MMM,0,20160126,155527,144.460000000,100
MMM,0,20160126,155533,144.460000000,100
MMM,0,20160126,155533,144.460000000,100
MMM,0,20160126,155533,144.460000000,100
MMM,0,20160126,155533,144.460000000,100
MMM,0,20160126,155543,144.490000000,100
MMM,0,20160126,155549,144.520000000,200
MMM,0,20160126,155603,144.520000000,100
MMM,0,20160126,155610,144.540000000,100
MMM,0,20160126,155617,144.540000000,100
MMM,0,20160126,155617,144.540000000,100
MMM,0,20160126,155617,144.540000000,100
MMM,0,20160126,155621,144.545000000,100
MMM,0,20160126,155622,144.550000000,100
MMM,0,20160126,155801,144.590000000,100
MMM,0,20160126,155804,144.610000000,100
MMM,0,20160126,155806,144.640000000,148
MMM,0,20160126,155813,144.650000000,100
MMM,0,20160126,155955,144.810000000,100
MMM,0,20160126,155958,144.790000000,100
